3488 5224
798 379 840 444 15

207 555 419 620 memorabilis
457 560 505 620 est
539 560 667 640 propter
693 557 797 639 miras
826 557 976 640 quasdam
1005 555 1225 621 nonnullarum
1253 556 1430 621 litterarum

210 671 340 734 formas.
378 669 517 734 Primum
542 669 589 735 bis
613 677 775 756 comparet
794 671 918 736 litterae
935 673 1089 759 qtforma
1106 669 1155 753 Θ,
1180 691 1259 755 quae
1275 676 1323 736 est
1337 670 1431 756 plane
1491 719 1493 722 .

208 785 379 866 singularis
409 804 510 869 neque
534 785 567 849 in
590 784 654 849 ullo
679 785 740 850 alio
763 787 856 852 titulo
879 787 1047 851 invenitur.
1092 785 1191 863 Quam
1216 785 1256 850 ob
1278 805 1344 850 rem
1368 804 1431 850 non

207 905 255 965 est
284 899 455 966 verisimile
484 899 566 965 hanc
593 900 726 964 formam
756 907 882 986 praeter
910 907 1092 967 consuetum
1123 897 1163 977 (D
1186 901 1219 966 in
1243 920 1302 964 usu
1324 901 1430 983 luisse,

87 1003 90 1007 ’
210 1016 266 1081 sed
290 1017 323 1081 in
346 1016 404 1079 hoc
427 1015 519 1080 titulo
544 1013 641 1079 solam
659 1022 787 1101 propter
803 1017 969 1103 scalpturis
983 1016 1141 1081 licentiam
1158 1017 1283 1081 videtur
1298 1021 1444 1081 exstare*

207 1130 351 1214 Namque
374 1131 469 1196 etiam
494 1129 575 1195 aliae
598 1130 690 1212 hujus
713 1131 798 1195 tituli
821 1132 946 1197 litterae
968 1132 1014 1196 ita
1031 1138 1104 1197 sunt
1119 1132 1246 1215 incisae,
1270 1137 1306 1196 ut
1321 1132 1431 1197 leviter

207 1247 423 1311 sinistrorsum
460 1245 561 1311 flexae
601 1266 674 1311 esse
707 1246 881 1312 videantur.
927 1247 979 1312 Sic
1017 1247 1209 1331 conspicitur
1246 1246 1369 1312 litterae
1407 1274 1430 1310 α

205 1361 371 1444 quinquies
396 1360 420 1428 t
443 1362 554 1443 forma,
579 1360 703 1426 litterae
728 1363 748 1426 d
771 1361 867 1426 semel
889 1361 992 1426 forma
1016 1357 1059 1443 l>‚
1084 1366 1116 1426 et
1138 1387 1157 1428 ν
1179 1361 1303 1427 litterae
1326 1368 1374 1429 ter
1398 1359 1427 1427 Ν

206 1477 323 1560 forma,
353 1497 432 1561 quae
461 1476 519 1541 hoc
547 1476 641 1540 modo
664 1477 793 1541 fortuito
817 1477 924 1541 eadem
950 1481 998 1540 est
1021 1481 1114 1560 atque
1137 1477 1193 1542 illa
1214 1477 1430 1542 recentissima

204 1592 316 1674 forma,
333 1612 412 1674 quae
427 1592 501 1657 inde
519 1612 537 1656 a
552 1592 655 1656 medio
672 1591 780 1675 quinto
797 1611 877 1656 saec.
892 1591 983 1673 vulgo
1001 1592 1221 1676 usurpabatur.
1250 1592 1315 1660 Has
1332 1593 1428 1657 miras

206 1726 282 1789 quas
306 1705 356 1770 hic
379 1706 489 1771 titulus
513 1707 640 1773 exhibet
661 1707 778 1772 formas
802 1728 836 1772 re
858 1727 934 1771 vera
956 1727 1011 1771 seu
1035 1705 1200 1790 scalpturis
1223 1707 1350 1771 licentia
1374 1727 1429 1772 seu

155 1847 157 1854 ¹
206 1841 279 1886 casu
310 1822 479 1906 inscriptas
510 1843 593 1904 esse,
622 1823 761 1887 maxime
790 1820 977 1902 intelligitur
1005 1822 1173 1904 eceteris,
1202 1841 1282 1904 quae
1305 1823 1428 1907 conspi-

206 1937 345 2019 ciuntur,
376 1936 553 2002 litterarum
578 1939 614 2014 d,
644 1964 683 2014 a,
707 1963 726 2004 u
749 1937 867 2001 formis.
910 1935 1116 2001 Inveniuntur
1140 1937 1222 2002 enim
1247 1937 1340 2001 etiam
1364 1937 1428 2002 usi-

205 2056 289 2116 tatae
312 2050 385 2116 illae
407 2051 518 2116 harum
542 2051 719 2117 litterarum
736 2059 844 2117 notae:
869 2048 917 2133 Δ,
935 2039 976 2134 Α,
995 2049 1037 2135 Ν,
1055 2049 1110 2120 Ν.
1146 2051 1328 2117 Ceterarum
1343 2051 1428 2116 litte-

205 2186 312 2230 rarum
334 2167 492 2232 notandae
516 2173 589 2231 sunt
614 2164 666 2250 Θ,
689 2170 746 2251 Μ,
770 2167 800 2246 ἓ
825 2169 954 2232 formae.

137 2254 143 2264 l
293 2279 515 2346 Praetermitto
539 2282 666 2347 titulum
690 2304 720 2347 n.
738 2285 814 2365 473,
839 2283 955 2367 quippe
979 2282 1032 2364 qui
1055 2280 1295 2347 mendosissime
1318 2283 1359 2347 sit
1375 2303 1428 2348 ex-

206 2395 350 2480 scriptus.
386 2395 526 2463 Exstant
554 2398 674 2463 formae
700 2395 750 2480 Θ,
777 2399 825 2482 Ν,
851 2397 887 2480 Ε,
916 2395 946 2464 Α
969 2403 1042 2477 etc.;
1074 2416 1154 2480 quae
1179 2397 1369 2482 conspicitur
1394 2397 1426 2463 Μ

203 2509 305 2574 forma
338 2517 422 2578 certe
457 2513 494 2574 Μ
531 2534 584 2579 seu
615 2509 662 2579 ΛΑ
696 2514 765 2578 fuit.
806 2514 943 2579 Transeo
979 2513 1083 2598 potius
1113 2513 1219 2576 statim
1250 2513 1295 2603 ad¹
1318 2513 1429 2586 titulos

184 2605 235 2689 n.
253 2625 430 2692 358-360
457 2629 655 2712 tractandos,
686 2649 816 2712 quorum
841 2629 972 2713 quisque
995 2627 1122 2693 exhibet
1145 2626 1321 2711 complures
1345 2627 1427 2692 diffi-

203 2740 343 2807 cultates.
380 2741 471 2808 Prius
493 2764 622 2827 agamus
638 2745 676 2810 de
692 2766 723 2809 n.
742 2745 806 2809 359
826 2751 857 2809 et
873 2746 948 2809 360.
983 2743 1118 2828 Propter
1134 2739 1181 2825 Θ,
1206 2741 1242 2825 Ν,
1268 2740 1293 2807 Ε
1309 2743 1427 2808 formas

204 2861 334 2940 uterque
363 2858 402 2922 ad
430 2864 605 2925 extremum
634 2867 756 2926 sextum
788 2879 868 2925 saec.
891 2859 1016 2925 videtur
1044 2859 1211 2943 pertinere.
1259 2857 1321 2923 Sed
1350 2860 1427 2924 haec

204 2971 309 3056 opinio
332 2973 365 3036 in
389 2973 517 3038 dubium
541 2983 680 3059 vocatur,
705 2995 773 3041 cum
799 2975 890 3040 ambo
914 2974 999 3040 tituli
1022 3001 1044 3038 α
1067 2973 1192 3039 litterae
1214 2975 1371 3039 noviciam
1395 2973 1424 3040 Α

203 3085 336 3150 formam
365 3089 553 3173 praebeant,
582 3092 669 3174 cujus
697 3091 801 3176 prima
828 3091 963 3172 vestigia
991 3110 1037 3154 ca.
1055 3089 1103 3155 Ol.
1121 3091 1163 3154 75
1186 3090 1313 3154 demum
1336 3108 1426 3173 repe·

203 3201 336 3266 riantur.
381 3202 449 3280 Qua
482 3205 520 3270 de
549 3225 644 3270 causa
674 3211 728 3271 aut
751 3199 790 3285 Θ
816 3207 949 3270 formam
978 3225 1035 3290 per
1063 3205 1224 3269 licentiam
1252 3204 1425 3288 posteriore

202 3321 344 3402 tempore
367 3317 472 3403 pro&
495 3326 678 3404 usurpatam
701 3341 779 3404 esse,
803 3326 857 3385 aut
873 3319 903 3386 Α
920 3321 1053 3384 formam
1070 3339 1127 3403 per
1142 3319 1289 3384 mendum
1307 3334 1424 3414 eorum,

141 3425 145 3429 ’
203 3432 257 3515 qui
280 3435 523 3519 exscripserunt,
547 3435 580 3500 in
597 3435 745 3520 Corporis
762 3435 858 3500 lnscr.
876 3434 942 3499 Att.
960 3433 1112 3518 exemplis
1130 3437 1254 3498 exstare
1270 3433 1425 3498 conician-

203 3546 277 3611 dum
307 3555 371 3628 est,
401 3550 588 3635 praesertim
619 3570 687 3616 cum
718 3549 794 3615 haec
825 3551 969 3634 exempla
993 3569 1054 3614 non
1078 3569 1117 3613 ex
1141 3549 1277 3632 ectypa,
1308 3548 1362 3613 sed
1385 3568 1424 3614 ex

205 3662 395 3748 apographis
419 3667 560 3732 coniecta
583 3666 655 3731 sint.
695 3666 800 3750 Atque
824 3685 880 3748 ego
905 3665 1028 3749 quidem
1053 3665 1112 3729 hoc
1135 3663 1286 3746 arbitror,
1317 3662 1424 3728 titulos

203 3778 280 3842 istos
309 3799 372 3844 non
402 3782 479 3846 satis
509 3787 654 3847 accurate
682 3802 750 3847 esse
781 3781 954 3865 exscriptos
985 3785 1016 3845 et
1044 3801 1078 3844 re
1105 3799 1180 3844 vera
1203 3776 1420 3860 antiquamlh

203 3893 335 3958 formam
359 3895 464 3981 proli
490 3897 646 3962 exhibere.
682 3895 808 3961 Etenim
834 3895 933 3962 autA
958 3897 1091 3960 formam
1111 3895 1177 3977 jam
1195 3901 1284 3959 sexto
1300 3895 1424 3959 saeculo
1527 3950 1529 3954 .

204 4015 258 4074 aut
275 4007 315 4086 Θ
332 4010 465 4076 formam
491 4013 598 4094 quinto
622 4012 746 4078 saeculo
770 4012 803 4076 in
827 4032 885 4076 usu
907 4012 1005 4076 fuisse
1028 4031 1090 4074 non
1114 4015 1219 4095 potest
1238 4009 1423 4091 existimari,

203 4131 369 4211 propterea
391 4126 475 4208 quod
498 4127 624 4192 omnino
648 4126 770 4195 nullum
794 4127 879 4191 aliud
898 4126 990 4210 hujus
1005 4127 1052 4190 rei
1068 4126 1245 4210 exemplum
1263 4125 1422 4190 habemus.

203 4239 347 4306 Cetemm
376 4242 408 4305 in
438 4261 469 4305 n.
493 4244 559 4306 360
588 4242 745 4326 scriptura
775 4241 870 4326 plena
898 4266 936 4307 ov
964 4262 1021 4326 pro
1050 4250 1199 4306 consueto
1223 4235 1257 4305 Ο
1285 4241 1318 4305 in
1341 4245 1422 4305 'voce

197 4353 388 4440 Ἡρακλέους
421 4355 515 4440 plane
549 4357 717 4440 singularis
753 4363 816 4441 est,
853 4357 970 4442 quippe
998 4377 1076 4441 quae
1104 4357 1138 4420 in
1167 4356 1267 4439 quinti
1297 4355 1422 4439 quidam

203 4470 318 4535 saeculi
350 4471 607 4557 inscriptionibus
641 4473 766 4558 saepius
802 4471 996 4557 reperiatur„
1026 4473 1059 4535 in
1088 4470 1179 4535 titulo
1207 4475 1312 4535 autem
1340 4469 1422 4538 sexti

202 4586 318 4650 saeculi
341 4587 509 4652 admodum
534 4589 575 4652 sit
589 4589 687 4654 'mira
