3488 5224
933 379 976 443 44

451 646 478 706 1.
514 643 567 708 De
589 605 640 707 iis
663 643 810 724 titulis,
836 643 898 725 qui
924 631 954 708 Α
980 649 1015 708 et
1037 639 1076 704 Ν
1098 643 1243 707 formas
1267 642 1464 726 praebent.

432 784 609 849 Dolcndum
634 791 682 850 est
704 783 943 867 hujus‘generis
966 785 1156 869 paucissima
1181 782 1325 868 exempla
1349 790 1484 849 exstare.
1508 782 1567 848 Vel

334 894 369 964 'si
394 905 538 964 accurate
562 905 750 984 spectamus,
775 921 855 965 unus
880 899 913 965 C.
931 899 953 964 Ι.
973 902 1010 964 Α.
1027 903 1091 966 nb
1111 901 1182 983 jure
1206 898 1278 964 huic
1302 899 1404 964 ordini
1428 899 1567 964 tribuen-

343 1015 401 1078 dus
425 1019 483 1097 est,
508 1033 577 1078 cum
602 1015 634 1078 in
660 1015 729 1080 aliis
753 1010 855 1080 titulis
880 1015 1017 1080 manime
1040 1041 1062 1079 α
1085 1015 1210 1079 litterae
1232 1013 1342 1079 ambae
1358 1015 1478 1079 formae
1494 1033 1567 1098 pro-

342 1131 460 1195 miscue
483 1136 654 1214 usurpatae
677 1131 749 1195 siut.
786 1130 821 1194 ln
845 1130 904 1194 boc
926 1131 1023 1212 igitur
1047 1129 1138 1195 titulo
1162 1129 1340 1195 litterarum
1363 1136 1430 1196 oet
1446 1155 1467 1194 α
1484 1149 1568 1194 com-

342 1251 456 1330 parent
479 1245 666 1310 vetustiores
690 1245 810 1310 formae
833 1249 874 1316 Ν
892 1251 924 1311 et
940 1233 987 1326 Α;
1012 1245 1167 1329 reperitur
1191 1245 1287 1310 semel
1312 1250 1435 1310 tautum
1452 1243 1494 1327 Α,
1518 1243 1568 1309 bis

343 1356 372 1423 Ν
396 1360 507 1424 forma.
545 1359 676 1424 Accedit
699 1361 781 1444 quod
805 1359 896 1442 hujus
921 1360 1004 1425 tituli
1029 1360 1164 1442 litterae,
1187 1366 1223 1424 ut
1233 1360 1300 1442 jum
1318 1380 1415 1445 supra
1431 1358 1569 1424 breviter

341 1475 530 1557 notavimus,
546 1495 609 1539 non
626 1477 791 1561 στοιχηδόν
807 1479 880 1540 sunt
896 1475 1077 1559 dispositae.
1102 1474 1203 1552 Quid?
1220 1475 1301 1540 Num
1315 1475 1378 1541 ista
1390 1474 1451 1539 duo
1463 1474 1567 1557 cujus-

342 1590 414 1654 dam
439 1591 604 1656 vetustatis
628 1589 745 1655 indicia
767 1590 913 1655 licentiae
936 1610 1031 1654 causa
1056 1589 1103 1654 vel
1128 1609 1202 1654 casu
1219 1591 1253 1654 in
1269 1589 1377 1656 eodem
1396 1589 1487 1654 titulo
1504 1609 1568 1653 una

342 1705 543 1789 comparent?
578 1704 707 1770 Minime
732 1705 874 1788 quidcml
914 1705 976 1770 Sed
1000 1712 1129 1790 propter
1153 1705 1232 1770 hanc
1255 1706 1459 1770 vetustiorem
1482 1703 1566 1769 litte·

341 1824 467 1885 raturae
505 1820 640 1905 speciem
677 1821 775 1885 multu
810 1821 913 1906 aptius
944 1820 977 1884 id
1006 1821 1222 1885 coniciendum
1252 1828 1300 1887 cst
1330 1821 1411 1885 bunc
1440 1817 1565 1884 titulum

340 1935 410 2010 ideo
435 1956 497 1999 non
523 1936 686 2021 σιοιχηδόν
710 1936 862 2020 scriptum
886 1956 964 2018 esse,
989 1936 1070 2020 quod
1094 1937 1285 2020 compositus
1302 1937 1353 2016 sit,
1380 1934 1566 2020 priusquam

341 2050 497 2116 stoeehica
520 2051 677 2136 scriptura
701 2051 861 2134 vulgarem
884 2072 974 2116 usum
1001 2051 1182 2136 accepisset.
1218 2051 1285 2129 Qua
1308 2051 1346 2116 de
1370 2071 1466 2116 causa
1481 2055 1565 2115 certe

341 2166 536 2251 temporibus
561 2165 607 2231 Ol.
627 2168 767 2243 79÷80
791 2167 943 2232 vetustior
966 2167 1089 2232 videtur
1112 2188 1180 2233 esse
1203 2167 1380 2248 habendus,
1411 2187 1483 2232 cum
1506 2166 1566 2231 hoc

341 2286 492 2366 tempore,
516 2288 551 2347 ut
575 2302 612 2346 cx
637 2281 795 2347 nonnullis
817 2283 1074 2369 inscriptionibus
1091 2284 1175 2348 iufra
1191 2283 1363 2348 tractandis
1379 2283 1565 2365 videbimus

342 2397 499 2482 scriptura
519 2397 574 2461 illa
589 2399 744 2463 recentior
756 2398 822 2481 jam
843 2397 934 2480 vulgo
951 2400 1067 2463 usitata
1083 2399 1186 2463 luerit.
1223 2399 1300 2464 Cum
1319 2403 1424 2464 autem
1441 2404 1566 2485 praeter

341 2512 433 2594 huuc,
458 2513 495 2577 de
519 2533 579 2595 quo
604 2513 736 2595 agimus,
761 2514 855 2578 etiam
881 2513 975 2578 alium
1001 2514 1154 2597 quendam
1178 2515 1304 2579 titulum
1322 2535 1384 2579 uon
1402 2514 1565 2600 οτοιχηδόν

341 2629 491 2712 scriptum
516 2626 697 2710 habeamus,
722 2629 774 2711 qui
799 2629 975 2713 complures
1000 2630 1038 2695 ob
1064 2649 1173 2694 causas
1199 2630 1239 2695 ad
1262 2629 1309 2694 Ol.
1325 2631 1366 2695 76
1390 2630 1455 2694 fere
1479 2628 1585 2713 vide,

340 2748 392 2807 tur
420 2763 488 2808 esse
515 2743 723 2825 revocandus,
753 2744 895 2827 equidem
921 2764 983 2810 uon
1007 2745 1130 2829 dubito,
1161 2746 1354 2830 quinetiam
1379 2745 1563 2810 hictitulus

340 2877 385 2922 ca.
403 2857 450 2923 01.
468 2859 599 2924 75-77
625 2865 771 2924 exaratus
795 2860 844 2924 sit.
882 2859 942 2924 Sed
967 2861 993 2925 si
1018 2861 1075 2926 boc
1099 2867 1182 2926 recte
1204 2866 1402 2946 perspectum
1421 2865 1478 2942 est,
1504 2859 1562 2924 hac

340 2993 374 3037 re
397 2993 493 3037 unum
518 2975 595 3039 satis
619 2982 702 3038 certe
726 2975 962 3059 comprobatur,
994 2976 1075 3060 quod
1099 2977 1202 3062 prima
1226 2976 1317 3059 hujus
1341 2975 1563 3060 disputationis

341 3094 430 3172 parte
455 3090 578 3174 opinari
601 3096 722 3155 tantum
749 3096 939 3174 poteramus.
987 3092 1021 3156 ln
1044 3091 1103 3156 boc
1126 3093 1208 3158 euim
1234 3093 1271 3158 de
1296 3112 1355 3175 quo
1380 3091 1500 3173 egimus
1524 3090 1563 3154 ti·

341 3204 405 3269 tulo
437 3203 491 3290 My
526 3205 632 3270 littera
662 3206 728 3288 jam
767 3207 1014 3272 recentissimam
1043 3207 1129 3272 illam
1160 3205 1192 3272 Μ
1221 3207 1353 3272 formam
1384 3210 1564 3271 constanter

342 3319 476 3385 exhibet.
520 3320 637 3398 Quodsi
666 3321 724 3386 hoc
749 3319 781 3386 Μ
805 3323 1056 3388 recentissimum
1080 3324 1146 3406 jam
1172 3342 1217 3388 ca.
1236 3322 1283 3387 Ol.
1303 3325 1343 3388 76
1367 3326 1562 3387 constantem

341 3435 450 3501 habuit
472 3457 574 3519 usum,
603 3443 634 3502 et
658 3457 713 3502 nec
739 3431 792 3519 po,
820 3457 877 3503 nec
900 3435 948 3504 ΛΛ
972 3439 1004 3503 in
1028 3439 1087 3503 hoc
1110 3437 1201 3503 titulo
1217 3457 1350 3521 usquam
1366 3436 1564 3521 conspiciun—
1595 3425 1598 3430 ’
1726 3453 1727 3460 “

339 3556 402 3632 tur,
427 3571 618 3636 consequens
643 3559 705 3636 est,
730 3559 765 3617 ut
787 3547 825 3613 pr
847 3553 924 3619 illud
949 3555 1203 3638 antiquissimum
1228 3553 1281 3618 diu
1306 3558 1398 3618 antea
1421 3551 1563 3616 exoleve-

311 3719 313 3724 .
340 3666 397 3748 rit,
427 3673 457 3731 et
480 3667 502 3731 ii
525 3667 625 3749 tituli,
654 3669 687 3731 in
717 3657 832 3751 quibus
859 3670 1052 3751 inveniatur,
1082 3677 1165 3735 certe
1194 3668 1233 3733 ad
1256 3675 1378 3734 sextum
1404 3667 1593 3764 saeculum

340 3780 528 3865 pertineant.
569 3781 620 3846 Sic
644 3783 738 3847 etiam
763 3784 821 3849 hac
844 3805 878 3849 re
902 3782 1106 3848 confirmatur
1129 3805 1166 3849 ea
1189 3785 1305 3869 opinio,
1331 3803 1393 3867 qua
1416 3783 1564 3847 universa

339 3896 405 3960 fere
428 3897 531 3981 prima
554 3918 627 3981 pars
651 3897 743 3980 hujus
757 3898 986 3983 disputationis
1003 3900 1231 3982 quodammodo
1248 3900 1409 3964 innititur:
1435 3897 1563 3963 titulum

339 4011 428 4075 illum
457 4011 490 4075 in
518 4032 606 4077 muro
629 4020 790 4097 repertum
815 4013 860 4095 (C.
879 4014 901 4079 l.
919 4015 957 4078 A.
982 4034 1012 4078 n.
1031 4014 1126 4096 479),
1156 4034 1226 4104 cum
1251 4009 1288 4074 Μ
1313 4015 1447 4079 formam
1471 4034 1563 4099 prae·

340 4127 422 4210 beat,
447 4133 530 4192 certe
553 4148 616 4193 non
641 4135 713 4212 post
737 4129 784 4193 Ol.
803 4131 845 4194 70
869 4150 937 4195 esse
962 4133 1135 4194 exaratum.
1303 4131 1306 4140 '
1440 4207 1453 4226 α

429 4242 611 4309 Ceterorum
640 4244 803 4308 titulorum
832 4244 966 4329 quodam
992 4245 1063 4327 jure
1093 4245 1152 4310 huc
1183 4250 1315 4330 possunt
1345 4246 1455 4312 referri
1478 4245 1562 4310 tituli

340 4356 373 4422 O.
390 4357 413 4422 Ι.
431 4359 470 4423 Α.
497 4378 527 4423 n.
545 4360 581 4441 2,
605 4359 680 4442 378,
704 4361 778 4426 381.
825 4360 872 4424 Ac
900 4362 969 4424 u?
993 4359 1042 4445 Ny
1073 4361 1197 4426 litterae
1221 4361 1404 4428 inclinatam
1426 4360 1562 4425 formam

341 4471 385 4544 Ν
410 4474 524 4556 ubique
554 4473 695 4558 exhibet,
730 4475 839 4540 formis
869 4480 973 4539 autem
1002 4473 1032 4542 Α
1060 4495 1115 4540 seu
1144 4470 1174 4543 Α
1206 4497 1268 4543 uon
1297 4479 1478 4542 constanter
1506 4475 1564 4540 sed

340 4590 516 4674 promiscue
546 4609 617 4654 cum
647 4590 820 4656 recentiore
848 4587 879 4655 Α
908 4589 1010 4654 forma
1038 4590 1153 4670 utitur;
1190 4612 1220 4656 n.
1244 4593 1306 4656 378
1337 4585 1485 4674 exi‘guum
1514 4594 1564 4656 est
