3488 5224
905 420 947 483 36

317 600 496 676 exaratum,
522 615 581 678 quo
606 594 685 658 duae
709 593 781 658 illae
804 594 924 659 formae
948 593 1125 678 promiscue
1150 592 1391 677 usurpabantur.
1433 591 1538 657 Solum

317 715 446 793 propter
470 708 528 773 hoc
551 710 718 791 indicium,
750 709 833 794 quod
857 715 904 774 est
927 708 1164 790 gravissimum,
1188 728 1311 772 summa
1335 728 1405 773 eum
1429 706 1542 773 fiducia

317 824 383 908 pila
400 823 571 889 Aristicnis
594 824 690 889 tribui
715 830 820 908 potest
843 825 945 909 spatio
968 823 1014 887 illi
1038 822 1086 888 Ol.
1105 823 1247 902 62--68,
1274 822 1355 906 quod
1376 843 1473 910 supra
1488 823 1541 886 de-

317 939 510 1024 scripsimus,
553 939 633 1004 Nam
659 959 847 1023 quamquam
870 946 897 1004 θ
921 939 1044 1003 litterae
1068 937 1249 1003 scribendae
1273 937 1359 1002 locus
1382 957 1445 1002 non
1468 937 1541 1019 fuit,

317 1061 422 1119 tamen
445 1055 526 1118 hanc
549 1055 724 1120 columnam
750 1061 833 1119 certe
857 1058 929 1118 ante
946 1052 994 1118 01.
1012 1055 1065 1134 68,
1090 1073 1150 1136 quo
1174 1053 1239 1117 fere
1261 1059 1403 1136 tempore
1418 1053 1542 1116 novicia

317 1167 466 1234 Oforma
482 1171 515 1234 in
532 1190 620 1233 usum
640 1170 735 1251 venit,
753 1169 888 1253 positam
906 1188 974 1233 esse
987 1168 1235 1233 contendendum
1251 1174 1308 1251 est,
1325 1188 1395 1232 cum
1409 1167 1540 1232 alterum

316 1284 393 1348 illud
410 1284 577 1349 Aristoclis
602 1305 680 1368 opus
704 1291 767 1348 tam
789 1290 911 1349 vetusto
928 1289 1068 1367 tempore
1085 1283 1260 1348 confectum
1278 1303 1345 1348 esse
1361 1282 1542 1347 viderimus.

316 1399 498 1464 Ceterarum
535 1372 711 1464 litteralum
746 1400 856 1463 formis
885 1399 962 1466 haec
991 1402 1168 1484 conjectura
1200 1399 1293 1484 plane
1323 1396 1542 1474 confirmatum

316 1520 500 1599 comparent
522 1514 596 1580 illae
612 1509 655 1600 Α,
678 1508 769 1597 fist
793 1515 922 1598 formae,
947 1536 1047 1598 neque
1070 1535 1202 1598 usquam
1219 1513 1368 1578 indicium
1386 1513 1540 1597 quoddam

316 1630 443 1694 serioris
479 1631 590 1695 aetatis
624 1631 789 1715 reperitur.
836 1619 958 1707 Quodsi
983 1619 1114 1696 alterum
1144 1629 1233 1694 illum
1264 1628 1388 1693 titulum
1418 1648 1464 1693 oa.
1494 1627 1541 1692 ot.

315 1747 458 1810 58-60
483 1752 647 1811 exaratum
673 1767 740 1810 esse
765 1745 935 1810 verisimile
960 1752 1016 1828 est,
1040 1745 1133 1810 facile
1156 1744 1343 1826 intelligitur
1360 1743 1418 1807 hoc
1433 1763 1542 1807 monu-

315 1866 455 1926 mentum
474 1881 555 1925 anno
572 1860 619 1926 01.
638 1863 680 1926 64
697 1862 749 1925 vix
767 1863 922 1926 recentius
939 1882 1007 1926 esse
1024 1880 1125 1945 posse.
1158 1859 1243 1925 Haec
1259 1860 1364 1944 opinio
1382 1859 1543 1944 aptissime

316 1997 384 2041 eum
416 1977 500 2040 omni
530 1977 622 2059 hujus
652 1977 735 2041 tituli
764 1976 943 2041 litteratura
975 1977 1145 2057 consentit,
1176 1991 1245 2040 eum
1270 1976 1336 2058 jam
1367 1973 1406 2038 ab
1435 1973 1482 2038 Ol.
1500 1975 1542 2039 62

315 2092 380 2156 fere
416 2091 533 2155 nasalis
568 2091 692 2156 litterae
731 2092 850 2170 formae
886 2092 1115 2156 inconstantem
1150 2089 1238 2155 illum
1274 2109 1364 2153 usum
1394 2089 1543 2174 praebere

317 2207 487 2291 coeperint,
506 2226 597 2288 quem
615 2207 645 2270 in
664 2206 722 2270 hac
737 2207 943 2290 inscriptione
959 2207 1172 2288 cognovimus
1201 2205 1310 2288 ltaque
1327 2210 1363 2269 ut
1377 2204 1543 2269 Aristoclis

316 2327 403 2386 aetas
442 2341 535 2404 quam
567 2321 801 2386 accuratissime
831 2321 1121 2403 circumscribatur,
1155 2321 1299 2404 equidem
1331 2340 1400 2385 eum
1431 2339 1476 2383 oa.
1494 2318 1541 2384 Ol.

316 2439 359 2501 55
374 2473 413 2481 -
427 2438 469 2501 65
497 2435 640 2500 floruisse
670 2436 893 2519 contenderim.
936 2435 1020 2514 Quae
1050 2437 1230 2518 conjectura
1254 2434 1353 2499 multo
1376 2435 1491 2498 certior
1514 2439 1545 2498 et

320 2552 494 2616 accuratior
519 2557 575 2632 est,
600 2571 693 2634 quarn
718 2551 782 2633 illa,
807 2571 886 2634 quae
910 2551 948 2615 de
963 2551 1084 2615 Endoei
1110 2557 1212 2615 aetate
1236 2572 1274 2614 er
1299 2548 1390 2614 titulo
1414 2548 1468 2613 illo
1492 2549 1544 2615 de-

315 2667 388 2731 duci
405 2671 538 2751 poterat.
559 2666 742 2730 ‘Aristoclis
760 2668 842 2731 enim
860 2667 921 2730 duo
940 2672 1067 2732 exstant
1082 2673 1296 2747 monumenta,
1315 2685 1480 2748 quaecum
1498 2666 1545 2729 di·
1577 2689 1578 2694 ¹

315 2783 414 2846 versis
430 2780 625 2865 temporibus
642 2782 783 2846 confecta
800 2782 872 2864 sint,
893 2782 932 2846 ad
949 2788 1079 2864 certum,
1097 2802 1157 2865 quo
1175 2781 1227 2846 ille
1246 2781 1371 2862 vixerit,
1393 2780 1544 2865 temporis
1610 2822 1617 2834 ·

316 2898 454 2981 spatium
478 2897 646 2980 pertinent.
683 2896 761 2960 Cum
787 2904 890 2961 autem
908 2897 1029 2962 Endoei
1054 2918 1183 2982 operum
1208 2896 1425 2962 tantummodo
1448 2916 1543 2960 unum

316 3011 403 3076 illum
434 3011 558 3077 titulum
591 3011 778 3094 habeamus,
808 3015 922 3095 ne'garc
951 3034 1047 3098 supra
1077 3033 1138 3077 non
1168 3014 1341 3098 potuimus,
1373 3013 1400 3076 si
1424 3031 1464 3078 ex
1486 3011 1545 3076 hoc

316 3127 407 3191 titulo
436 3126 501 3190 solo
530 3128 709 3210 conjectura
738 3127 805 3192 lieri
839 3127 979 3210 deberet,
1009 3129 1172 3192 Endoeum
1205 3134 1237 3192 et
1259 3126 1306 3200 01.
1325 3127 1482 3209 53-63,
1513 3131 1545 3191 et

317 3240 364 3306 Ol.
389 3242 428 3306 67
445 3243 548 3322 -77,
583 3248 614 3306 ct
645 3243 731 3306 omni
760 3243 893 3325 denique
922 3249 1063 3328 tempore
1092 3244 1174 3307 inter
1203 3262 1300 3307 annos
1330 3241 1376 3307 01.
1401 3243 1543 3306 53-77

317 3356 521 3440 interposito,
550 3356 636 3420 velut
660 3356 707 3422 01.
727 3359 885 3440 lto—70,
911 3379 1003 3442 posse
1026 3357 1178 3423 floruisse.
1213 3357 1303 3421 Nunc
1327 3363 1449 3440 autem,
1474 3377 1542 3422 cum

317 3471 505 3535 Aristoclem
530 3471 969 3538 ea.01.5o-65fl0ruisse
994 3478 1154 3558 appareat,
1175 3474 1241 3556 jam
1267 3492 1328 3537 nou
1352 3472 1544 3554 dubitamus,

318 3586 413 3650 etiam
440 3585 561 3652 Endoei
592 3592 726 3652 aetatem
758 3588 796 3653 ad
817 3587 873 3670 ⁴01.
892 3589 1036 3653 55-65
1066 3608 1230 3670 revocare,
1262 3589 1307 3652 ita
1337 3593 1372 3652 ut
1394 3586 1544 3652 Aristocli

319 3701 459 3784 aequalis
486 3702 589 3767 fuerit.
632 3703 678 3768 Ac
707 3723 835 3788 prorsus
865 3704 990 3785 quidem
1020 3704 1218 3787 comprobari
1246 3703 1305 3768 hoo
1333 3724 1395 3767 nou
1426 3708 1544 3786 potest3

319 3816 372 3880 sed
403 3837 472 3880 cum
503 3818 603 3882 adhuc
631 3837 739 3882 omnes
763 3819 994 3901 consenserint,
1025 3818 1213 3883 Aristoclem
1237 3818 1365 3884 Endoco
1390 3818 1545 3902 posterius

322 3932 448 4014 vixisse,
473 3952 548 3996 sane
571 3953 640 3996 eum
658 3932 813 3997 Aristocle
838 3934 930 3997 etiam
956 3933 1009 3998 ille
1033 3934 1071 3997 ad
1096 3941 1218 3998 sertum
1243 3934 1401 3998 saeculum
1426 3939 1473 3997 est
1495 3952 1546 3996 re-

319 4046 476 4112 ferendus.
517 4045 566 4110 Ex
590 4047 648 4112 bac
671 4067 715 4130 rc,
740 4048 766 4111 si
790 4055 873 4112 reete
898 4055 1063 4134 perspecta
1085 4056 1143 4132 est,
1168 4050 1206 4114 de
1230 4050 1312 4113 tituli
1336 4048 1420 4113 illius
1444 4052 1546 4112 aetate

321 4161 379 4226 hoc
404 4160 538 4226 efficitur
562 4181 631 4226 eum
658 4163 696 4226 ad
721 4183 819 4227 annos
835 4163 900 4228 iere
916 4162 963 4228 01.
983 4165 1125 4229 62-65
1144 4165 1300 4250 pertinere
1317 4172 1348 4230 et
1363 4166 1401 4230 ab
1417 4163 1545 4228 Endoco

320 4297 419 4363 prope
437 4277 505 4360 jam
529 4282 658 4361 peracta
681 4284 783 4344 aetate
806 4285 970 4344 exaratum
995 4298 1071 4345 esse.

830 4527 1036 4538 ὴῆ-ὴ--ι-α
