3488 5224
657 1215 810 1314 PARS
841 1217 1053 1316 PRIMA.
1130 1233 1133 1239 ’

377 1609 717 1707 inscriptiones
746 1611 940 1684 anteOl.
965 1616 1024 1702 75,
1058 1617 1074 1684 1
1108 1616 1334 1686 exaratae.

327 1799 435 1884 Tituli,
460 1801 514 1884 qui
537 1801 576 1865 ad
592 1802 673 1866 hanc
690 1806 812 1885 partem
829 1802 998 1886 pertinent,
1023 1802 1163 1867 universi
1180 1808 1234 1867 aut
1251 1806 1464 1871 monumentis

239 1914 482 1999 sepulcralibus,
515 1921 569 1980 aut
598 1916 737 1981 donariis
764 1917 856 1981 incisi
880 1924 969 1999 sunt,
1000 1923 1032 1982 et
1056 1922 1186 2001 excepto
1210 1938 1288 1999 uno,
1320 1917 1365 1997 (Ο.
1383 1919 1406 1983 Ι.
1424 1922 1462 1984 Α.

237 2049 268 2093 n.
286 2031 363 2112 332)
395 2031 449 2113 qui
477 2031 511 2095 in
540 2031 665 2116 publico
695 2032 824 2097 donario
851 2031 1022 2116 inscriptus
1047 2037 1109 2114 est,
1141 2052 1248 2097 omnes
1272 2033 1368 2117 positi
1393 2041 1466 2100 sunt
1543 2119 1546 2126 .

238 2164 257 2208 a
285 2145 418 2229 privatis
442 2145 633 2211 hominihus.
679 2145 809 2212 Publica
833 2151 955 2229 autem,
985 2167 1063 2230 quas
1086 2147 1238 2212 habemus
1262 2154 1466 2214 monumenta

238 2261 343 2324 omnia
365 2266 438 2344 post
461 2281 578 2326 annum
602 2260 650 2325 01.
670 2262 721 2343 75,
749 2264 763 2324 1
792 2267 866 2326 sunt
889 2261 1038 2326 confecta.
1076 2260 1165 2338 Quod
1187 2262 1304 2327 idcirco
1330 2283 1465 2329 comme-

237 2395 340 2458 moro,
369 2381 405 2440 ut
433 2375 507 2441 indo
531 2380 754 2459 cognoscatur,
785 2396 877 2459 quam
901 2381 977 2440 nota
1000 2382 1032 2441 θῖ
1055 2377 1171 2442 usitata
1191 2378 1260 2460 jam
1283 2382 1372 2443 sexto
1397 2398 1465 2445 sae·
1533 2403 1539 2414 =

237 2491 306 2556 culo
330 2511 381 2556 ars
405 2491 563 2557 scribendi
586 2491 671 2576 apud
694 2491 834 2575 privatos
859 2491 1001 2556 homines
1024 2492 1128 2557 fuerit.

237 2803 263 2865 I.
300 2803 352 2867 De
374 2804 415 2866 iia
438 2802 550 2883 titulis,
577 2805 634 2888 qai
657 2804 747 2887 Θῆτα
772 2802 892 2866 litterae
914 2804 1073 2866 noviciam
1087 2803 1233 2886 formum
1255 2799 1287 2867 Θ
1312 2804 1461 2868 euhibeot.

325 2951 438 3016 Adhuc
460 2957 524 3016 tres
547 2952 581 3016 in
604 2972 694 3016 muro
718 2951 836 3036 reperti
860 2956 934 3015 sunt
958 2951 1052 3034 tituli,
1077 2972 1211 3035 quorum
1235 2951 1296 3017 duo
1315 2953 1382 3035 jam
1407 2953 1463 3017 du-

238 3067 313 3131 dum
342 3067 409 3130 noti
439 3067 625 3151 saepiusque
655 3066 731 3131 editi
760 3066 794 3130 in
823 3065 961 3150 Corpore
989 3065 1085 3131 inser.
1108 3067 1175 3131 Att.
1194 3087 1223 3130 n.
1241 3068 1307 3133 479
1339 3072 1371 3132 et
1397 3069 1462 3134 483

235 3182 446 3248 inveniuntur.
495 3182 618 3247 Tertius
655 3181 870 3246 recentissimo
906 3181 1031 3246 demum
1060 3187 1202 3266 tempore
1230 3189 1374 3267 repertus
1404 3188 1461 3266 est,

237 3316 307 3362 cum
330 3297 364 3362 G.
382 3297 460 3362 LA.
478 3298 546 3381 jam
571 3298 689 3362 editum
714 3300 805 3360 esset.
841 3295 899 3377 Illi,
924 3272 978 3378 oui
1001 3300 1110 3381 aperte
1134 3279 1242 3362 eadem
1266 3297 1331 3363 fere
1360 3303 1462 3363 aetate

237 3413 403 3496 compositi
426 3419 509 3496 sunt,
534 3412 737 3479 recentiorem
758 3411 893 3495 speciem
914 3431 990 3494 prae
1007 3431 1040 3476 so
1055 3412 1174 3492 ferunt;
1198 3411 1281 3476 hunc
1300 3411 1460 3495 aliquanto

127 3585 139 3604 ,
237 3547 305 3593 esse
338 3529 541 3594 vetustiorem
570 3528 672 3613 primo
694 3532 831 3611 aspectu
860 3525 1062 3610 intelligitur,
1098 3547 1158 3610 qua
1188 3526 1225 3591 de
1254 3546 1350 3592 causa
1378 3527 1461 3592 infra

237 3643 362 3708 demum
391 3643 573 3708 tractandus
604 3644 672 3708 orit.
715 3643 833 3726 Aptum
862 3641 986 3740 ¹ridetur
1017 3641 1154 3706 exordiri
1179 3661 1198 3706 a
1220 3641 1312 3707 titulo
1335 3662 1366 3706 n.
1383 3643 1459 3726 479,

237 3758 354 3842 quippe
378 3759 432 3842 qui
454 3765 545 3824 notas
566 3757 718 3841 quasdam
735 3757 891 3838 exhibeat,
916 3776 933 3821 θ
949 3757 1061 3840 quibus
1077 3761 1184 3822 certae
1195 3758 1332 3822 rationes
1349 3757 1460 3823 deduci

125 3963 128 3966 Ι
190 3923 192 3926 -
236 3880 383 3957 possunt·
402 3874 442 3938 ad
470 3871 677 3938 definiendam
704 3877 840 3938 aetatem
874 3873 1079 3937 vetustiorum
1107 3873 1347 3956 inscriptionum
1375 3873 1459 3937 Atti-

214 4007 354 4053 ·carum.
388 3987 501 4073 Lapis,
525 3988 575 4053 cui
598 3988 762 4072 inscriptio
785 3987 886 4052 incisa
909 3991 992 4069 erat,
1016 4005 1097 4050 anno
1124 3987 1208 4051 1832
1231 3991 1375 4070 repertus
1399 3992 1456 4068 est,

236 4103 268 4166 in
292 4103 370 4168 duas
392 4109 499 4188 partes
515 4103 702 4185 contractus,
726 4121 857 4185 quarum
878 4104 1021 4166 neutram
1040 4108 1164 4166 exstare
1180 4102 1271 4166 valde
1287 4106 1336 4166 est
1350 4100 1457 4166 dolen-

237 4218 321 4282 dum.
354 4217 397 4283 Εῖ
419 4237 458 4283 ns
482 4217 696 4302 apographum
722 4217 846 4299 quidem
871 4221 1051 4280 accuratum
1074 4215 1225 4281 habemus
1249 4217 1347 4281 totius
1362 4216 1456 4299 tituli,

145 4330 148 4332 ’
236 4333 292 4398 sed
307 4333 437 4398 minoris
453 4338 575 4398 tantum
591 4332 760 4414 fragmenti
776 4331 953 4416 exemplum
971 4336 1075 4396 exstat
1086 4332 1119 4396 in
1132 4331 1235 4396 Roscii
1247 4331 1357 4414 diario,
1374 4331 1457 4396 unde
1482 4405 1484 4410 s

236 4468 254 4511 a
276 4446 467 4514 Kirchhoffio
491 4448 525 4513 in
548 4446 581 4512 C.
599 4447 623 4512 Ι.
639 4447 678 4511 Α.
700 4452 748 4514 est
770 4451 941 4530 receptum.
978 4445 1030 4512 Sic
1052 4447 1085 4512 in
1110 4446 1144 4512 O.
1160 4446 1183 4512 Ι.
1201 4446 1240 4510 Α.
1264 4445 1364 4511 altera
1381 4465 1456 4530 pars
1548 4533 1549 4538 ἵ

104 4620 106 4624 ,
236 4582 275 4627 ex
297 4562 401 4628 Rossii
423 4563 642 4646 delineatione,
666 4562 775 4644 altera,
800 4562 887 4644 cujus
909 4562 1124 4646 apographum
1142 4566 1320 4627 accuratum
1338 4560 1455 4643 deerat,
