3488 5224
916 316 960 380 64

415 491 512 559 Perre
543 514 624 559 anno
653 493 700 559 Ol.
719 494 775 577 80,
808 496 823 558 1
850 493 899 558 vel
923 494 943 558 2
973 492 1165 558 novieiarum
1192 489 1222 556 Σ
1251 487 1296 574 Τ,
1320 486 1349 559 Φ
1377 491 1557 557 formarum.

327 607 430 692 prima
459 610 595 692 ‚vestigia
621 608 844 691 inveniuntur,
875 607 959 691 qued
988 609 1113 691 quidem
1143 628 1182 672 ex
1211 608 1250 672 iis
1280 606 1383 672 verbis
1407 613 1548 692 apparel.

327 744 406 808 quae
436 725 468 789 in
497 724 589 789 tilulo
619 724 652 789 C.
669 723 691 788 l.
709 724 747 789 A.
765 744 795 788 n.
812 725 878 789 433
908 724 947 789 ab
977 723 1038 788 aliu
1068 722 1201 806 quodam
1230 722 1367 807 lapicida
1395 723 1434 787 ad
1465 743 1548 788 mar-

327 839 431 921 ginem
456 839 616 925 adscripta
639 859 708 904 esse
731 840 877 904 vidimus.

418 957 469 1019 11.
505 955 572 1021 Hae
600 955 720 1020 formae
750 953 793 1036 ξ,
820 951 870 1037 d,
902 947 932 1022 Φ
961 973 997 1020 aa
1025 953 1176 1038 temporis
1207 954 1309 1038 spatio
1340 953 1423 1036 quod
1452 953 1548 1018 iuter-

326 1070 463 1155 posilum
499 1077 546 1136 est
581 1071 664 1137 inter
690 1089 790 1137 annos
819 1069 867 1135 Ol.
892 1071 945 1152 80,
967 1071 987 1134 2
1012 1074 1043 1134 el
1071 1067 1119 1134 Ol.
1136 1067 1226 1152 83,3
1256 1069 1357 1150 magia
1387 1069 1549 1152 magisque

326 1185 558 1251 increbuerunt.
1441 1196 1446 1208 “

420 1301 469 1365 12.
507 1301 600 1365 Anne
624 1299 780 1383 01.83,3
805 1301 991 1366 vetustiores
1008 1297 1052 1384 Ν,
1077 1293 1114 1383 5,
1137 1299 1174 1372 (I)
1201 1300 1321 1365 formae
1349 1299 1481 1364 novieiis
1505 1295 1547 1381 Ν,

330 1413 373 1498 ξ,
397 1410 427 1481 (Ι)
450 1415 561 1481 formis
585 1435 713 1500 prorsus
737 1436 776 1481 ex
799 1436 857 1480 usu
881 1415 1030 1500 depulsae
1053 1421 1135 1480 sunl.
1171 1415 1276 1480 Etiam
1301 1410 1454 1483 Marma
1475 1413 1547 1479 inde

328 1530 367 1596 ab
402 1530 460 1596 hoe
495 1536 636 1616 tempore
666 1532 732 1614 jam
768 1551 830 1596 neu
860 1531 1019 1597 invenitur
1047 1531 1109 1596 nisi
1136 1531 1169 1596 in
1199 1530 1307 1616 paueis
1336 1531 1547 1595 monumentis

327 1646 468 1731 privatis.
506 1645 559 1712 Sie
582 1646 679 1712 semel
702 1654 863 1732 comparet
885 1647 916 1711 in
941 1645 1033 1711 litule
1057 1645 1091 1711 G.
1110 1645 1132 1711 Ι.
1149 1646 1188 1710 Α.
1206 1667 1235 1711 n.
1252 1648 1329 1729 422,
1360 1647 1414 1730 qui
1438 1644 1546 1710 titulus

326 1769 489 1845 praeterea
505 1755 530 1829 5
548 1762 681 1828 formam
706 1762 840 1828 exhibet.
876 1757 909 1824 ‘i
933 1767 1036 1827 autem
1061 1761 1217 1827 novicium
1234 1762 1293 1827 hoe
1314 1782 1394 1826 anno
1418 1761 1546 1827 vetusti-

326 1897 411 1942 orem
441 1875 472 1943 Υ
499 1878 632 1942 formam
661 1898 724 1943 non
754 1877 860 1965 plane
876 1877 1049 1958 submovit3
1085 1877 1141 1944 sed
1171 1877 1247 1942 haee
1271 1875 1302 1943 Υ
1325 1878 1428 1944 forma
1451 1877 1545 1942 etiam

326 1998 436 2077 postea
458 1999 583 2077 praeter
608 1993 639 2062 i*
664 1994 829 2078 reperitur.

417 2110 467 2173 13.
504 2107 578 2173 Inde
607 2107 645 2172 ab
676 2107 723 2172 Ol.
746 2109 798 2191 83,
821 2113 895 2174 3-
910 2108 956 2174 Ol.
979 2108 1070 2192 94,2
1101 2108 1235 2192 denique
1263 2127 1366 2189 verae,
1397 2127 1477 2192 quae
1499 2107 1546 2172 di-

325 2226 440 2288 cuntur
467 2224 655 2289 mutationes
682 2225 748 2307 jam
778 2243 840 2289 nen
869 2225 971 2289 faciae
999 2228 1082 2288 sunt.
1122 2223 1184 2289 Sed
1213 2243 1311 2308 prava
1339 2222 1395 2289 illa
1417 2243 1546 2288 eonsue-

325 2339 434 2403 ludine
451 2338 626 2404 leniearum
643 2338 816 2404 formarum
840 2339 940 2405 titulis
956 2339 1071 2404 Atticis
1094 2339 1370 2405 immiscendarum
1388 2345 1545 2423 postremo

325 2454 441 2518 factum
467 2461 530 2538 est,
554 2458 590 2519 ut
612 2454 716 2539 ipsum
741 2454 941 2540 alphabetum
965 2455 1107 2520 Atticum
1132 2454 1225 2540 plana
1248 2454 1279 2518 iu
1308 2453 1543 2520 desuetudinem

326 2570 435 2635 abiret.
