3488 5224
828 365 849 431 5

225 540 303 606 haec
337 541 493 607 tractatio.
538 541 816 625 Circumspiciendi
854 547 927 606 sunt
960 543 1037 608 tales
1067 543 1167 624 tituli,
1204 563 1333 626 quorum
1365 548 1450 608 aetas
1492 531 1494 536 ’

167 689 172 708 ι
226 675 319 738 quam
352 657 587 722 accuratissime
610 651 718 742 'possit
741 657 879 740 definiri,
909 658 1014 723 uthis
1038 637 1139 724 titulis
1162 659 1230 722 nixi
1252 663 1320 722 tum
1343 677 1450 722 omnes

225 779 355 854 ceterae,
380 773 485 856 etqui
512 777 619 854 antea,
650 777 681 836 et
704 773 757 855 qui
781 778 891 856 postea
915 774 1024 858 scripti
1048 781 1136 855 sunt,
1162 773 1396 838 consideremus
1419 777 1452 837 et

226 885 266 950 ad
290 891 423 951 aetatem
449 907 543 970 quam
567 887 775 952 certissimam
793 888 974 954 referamus.
1011 889 1096 953 Talis
1114 909 1200 970 ansa,
1219 860 1260 952 ‘ut
1275 888 1320 951 ita
1336 887 1455 970 dicam,

226 1001 444 1084 chronologica
467 1003 560 1066 datur
583 1002 672 1068 nobis
688 1022 707 1067 a
723 1003 914 1088 Thucydide,
940 1005 991 1086 qui
1014 1003 1037 1085 l,
1055 1005 1096 1068 93
1120 1003 1217 1068 tradit
1226 1000 1450 1083 Athenienses,

225 1135 296 1181 cum
320 1123 391 1199 post
414 1137 550 1200 pugnam
575 1116 790 1182 Plataeensem
814 1119 922 1183 invitis
946 1117 1202 1183 Lacedaemoniis
1226 1117 1334 1182 urbem
1359 1137 1449 1181 muro

226 1231 420 1296 circumdare
447 1231 480 1296 in
509 1233 648 1296 animum
679 1233 891 1314 induxissent,
923 1234 1009 1298 brevi
1041 1233 1094 1298 illo
1125 1233 1206 1317 quod
1236 1233 1276 1297 iis
1306 1231 1449 1296 relictum

225 1345 320 1410 fuerit
333 1347 445 1434 spatio,
470 1367 530 1430 quo
547 1346 771 1413 Themistocles
789 1347 922 1432 Spartae
943 1368 1013 1414 cum
1030 1347 1287 1412 Lacedaemoniis
1304 1347 1342 1411 de
1361 1366 1450 1411 muro

227 1460 414 1525 exstruendo
440 1466 571 1542 ageret,
592 1452 741 1545 qnantum
768 1469 897 1547 possent
919 1483 1011 1544 usoS,
1040 1463 1165 1527 moenia
1188 1461 1243 1526 illa
1266 1442 1355 1526 tanta
1379 1480 1449 1525 curn
1483 1533 1486 1540 Δ

227 1575 386 1640 celeritate
409 1581 559 1659 tantaque
582 1577 792 1660 trepidatione
816 1577 1013 1656 aedificasse,
1045 1582 1080 1641 ut
1102 1577 1217 1640 multas
1241 1575 1322 1660 pilas
1346 1574 1451 1660 sepul-

226 1689 325 1754 crales
355 1691 530 1774 multosque
558 1691 679 1776 lapides
712 1698 779 1758 arte
809 1699 1014 1776 praeparatos
1046 1691 1085 1755 ad
1115 1711 1220 1755 muros
1245 1691 1450 1755 exstruendos

227 1805 434 1871 adhibuerint.
472 1805 533 1870 Sed
556 1808 660 1891 ipsum
679 1807 890 1892 Thucydidem
916 1807 1093 1890 loquentem
1119 1806 1281 1887 faciamus,
1307 1806 1358 1888 qui
1382 1805 1450 1868 loco

226 1921 280 1985 illo
308 1921 385 1986 haec
414 1921 505 1986 dicit:
537 1923 668 2007 „Totius
699 1926 741 2010 τῷ
770 1924 876 2008 τρόπῳ
893 1919 1068 2008 Ἀθηναῖοι
1096 1919 1151 2006 τὴν
1179 1921 1273 1986 πόλιν
1296 1923 1451 2002 ἐτείχισαν

227 2039 262 2102 ἐν
286 2033 382 2124 ὀλίγῳ
405 2036 520 2123 χρόνῳ.
555 2043 618 2102 Καὶ
642 2039 719 2124 δήλη
743 2038 762 2124 ἡ
786 2039 953 2122 οἰκοδομία
977 2038 1021 2101 ἔτι
1044 2039 1098 2100 καὶ
1113 2038 1172 2102 νῦν
1188 2037 1283 2110 ἐστιν,
1308 2033 1354 2099 ὅτι
1369 2032 1450 2099 κατὰ

228 2151 368 2238 σπονδὴν
391 2155 523 2232 ἐγένετο.
555 2153 594 2217 Oi
617 2152 681 2236 γὰρ
706 2156 853 2236 θεμέλιοι
876 2159 1038 2217 παντοίων
1061 2153 1166 2216 λίθων
1191 2149 1373 2238 &adsecutos
1397 2151 1451 2213 καὶ

228 2264 266 2332 οὐ
282 2271 556 2352 ξυνειργαομένων
571 2270 655 2332 ε”σνιν
670 2263 699 2359 ᾗ,
724 2264 795 2333 ἀλλ’
812 2267 855 2342 ὠς
871 2272 993 2332 ἕκαστοί
1008 2291 1084 2332 ποτε
1099 2271 1309 2351 προςέφερον,
1331 2267 1451 2330 πολλαί

228 2407 259 2446 τε
283 2384 391 2466 στῆλαι
415 2378 481 2448 ἀπὸ
498 2383 646 2467 σημάτων
661 2386 715 2446 καὶ
731 2385 820 2448 λίθοι
836 2386 1037 2466 εἰργασμένοι
1054 2377 1333 2465 ἒγιιατελένησαν.“
1371 2377 1450 2443 Cum

229 2501 332 2561 autem
363 2502 484 2562 constet
512 2497 631 2562 duobus
662 2498 752 2563 annis
783 2504 876 2562 antea
906 2501 1004 2561 totam
1028 2495 1268 2560 Atheniensium
1298 2493 1407 2559 urbem
1433 2513 1452 2556 a

228 2611 332 2690 Xerxe
356 2613 549 2681 devastatam
575 2619 606 2678 et
629 2633 770 2678 eversam
794 2613 901 2694 luisse,
925 2611 1016 2676 facile
1041 2615 1128 2695 patet
1150 2630 1186 2675 eo
1210 2615 1362 2693 ternpore,
1388 2627 1449 2691 quo

228 2747 334 2791 murus
359 2727 590 2810 aedificabatur,
615 2728 715 2792 multa
737 2728 810 2793 inde
835 2728 993 2792 exstitisse
1016 2727 1049 2790 in
1073 2725 1149 2790 urbe
1174 2724 1318 2789 mutilata
1340 2743 1451 2788 monu-

228 2848 335 2907 menta
356 2850 387 2909 et
402 2845 479 2908 artis
496 2863 600 2927 opera.
637 2843 744 2927 ltaque
760 2843 895 2925 intelligi
912 2848 1015 2926 potest
1030 2841 1239 2906 Athenienses
1255 2860 1317 2903 non
1335 2839 1450 2920 omnia,

230 2977 309 3040 quae
331 2959 371 3022 iis
398 2959 462 3022 fors
487 2958 636 3024 obtulerit
659 2964 873 3041 monumenta,
900 2963 932 3023 et
955 2959 1078 3038 integra
1098 2961 1130 3020 et
1146 2955 1259 3037 deleta,
1283 2952 1448 3018 moenibus

228 3072 413 3155 immisisse,
443 3074 498 3138 sed
526 3075 742 3139 tantummodo
773 3095 826 3156 ea,
857 3094 936 3157 quae
967 3071 1114 3137 mutilata
1141 3078 1172 3135 et
1201 3074 1346 3134 truncata
1381 3067 1450 3132 urbi

229 3189 316 3253 oneri
339 3194 461 3254 tantum
487 3194 519 3254 et
541 3189 685 3254 dedecori
708 3190 834 3254 suerint.
871 3188 970 3266 Quam
988 3188 1108 3253 obrem
1126 3186 1231 3250 omnia
1248 3188 1451 3248 monumenta

229 3323 309 3386 quae
332 3303 448 3368 nostris
473 3304 666 3388 temporibus
689 3325 811 3369 emuro
829 3302 1057 3369 Themistocleo
1074 3299 1263 3366 effodiuntur
1278 3319 1341 3363 uon
1358 3298 1450 3362 modo

230 3438 312 3484 anno
336 3417 383 3483 Ol.
403 3420 459 3502 75,
486 3422 513 3502 1,
541 3439 601 3501 quo
626 3440 707 3483 auno
731 3419 852 3484 Xerxes
876 3417 985 3482 urbem
1009 3411 1244 3500 devastaverat,
1277 3413 1451 3478 vetustiora

230 3540 303 3601 suut
330 3534 489 3617 habende,
518 3535 572 3599 sed
601 3535 705 3618 aliqua
734 3555 803 3600 cum
833 3532 1107 3600 verisimilitudine
1136 3529 1186 3594 vel
1212 3533 1300 3593 sexto
1325 3549 1351 3592 a.
1375 3527 1448 3592 Chr.

229 3649 353 3713 saeculo
376 3649 471 3714 tribui
495 3657 635 3734 possunt.
670 3651 881 3716 Nihilominus
905 3669 961 3713 nos
985 3667 1047 3712 non
1071 3646 1138 3710 sola
1161 3645 1219 3709 hac
1235 3643 1357 3708 ratione
1373 3643 1449 3708 satis
1555 3683 1557 3686 ψ

230 3765 354 3848 quidem
379 3771 464 3830 certe
486 3766 667 3849 innitemur,
692 3767 746 3832 sed
771 3787 810 3831 ne
834 3764 896 3829 ullo
920 3750 1012 3829 modo
1035 3761 1192 3843 fallemur,
1216 3758 1354 3840 singulos
1378 3758 1448 3822 illos

229 3880 336 3946 titulos
361 3881 457 3946 etiam
480 3887 610 3965 propter
631 3882 728 3946 solam
747 3881 882 3966 speciem
900 3899 987 3944 suam
1007 3883 1099 3959 atque
1115 3874 1250 3939 indolem
1269 3869 1307 3937 ad
1324 3879 1446 3938 sextum

230 3998 387 4062 saeculum
417 3997 574 4080 pertinere
597 3995 889 4062 demonstrabimus.
932 3993 979 4058 De
1003 3991 1132 4057 oonsilio
1157 3995 1280 4080 autem,
1310 3989 1392 4071 quod
1416 3989 1448 4052 in

113 4115 118 4125 ‘
229 4111 288 4178 hac
316 4113 527 4197 disputatione
555 4117 741 4196 persequar,
771 4110 959 4176 monendum
989 4107 1105 4188 habeo,
1136 4105 1293 4189 imprimis
1322 4104 1446 4188 quidem

229 4229 307 4293 mihi
329 4229 525 4314 propositum
550 4221 627 4308 esse,
652 4228 690 4292 ad
714 4232 850 4291 veterem
871 4223 969 4304 illam,
995 4219 1073 4305 quae
1090 4226 1138 4286 est
1153 4220 1191 4286 de
1208 4220 1285 4285 artis
1302 4218 1448 4303 operibus

230 4344 372 4428 Graecis,
406 4343 651 4408 controversiam
689 4341 860 4406 tractandis
894 4338 994 4404 titulis
1029 4325 1143 4400 Atticis
1177 4354 1274 4398 novas
1310 4333 1447 4398 rationes

230 4462 405 4542 admovere,
422 4480 484 4543 qua
500 4459 538 4523 de
554 4477 648 4523 causa
664 4455 946 4541 palaeographioen
962 4452 1100 4517 Atticam
1117 4449 1334 4538 tantummodo
1350 4467 1448 4530 usque

230 4576 269 4640 sd
286 4575 332 4642 Ol.
352 4576 394 4643 80
416 4576 482 4643 fere
505 4573 682 4643 describere
706 4571 784 4642 mibi
800 4591 878 4662 opus
894 4576 951 4657 est,
977 4567 1088 4659 quibus
1104 4564 1299 4658 temporibus
1316 4563 1448 4637 seriores
