3488 5224
811 363 852 426 25

212 535 339 600 tustatis
368 537 518 601 indicium
552 543 607 602 est.
658 537 719 603 Sed
750 539 893 607 omnibus
925 539 973 603 bis
1003 537 1095 603 rebus
1125 537 1201 601 certi
1231 535 1309 601 nihil
1339 543 1442 622 potest

213 651 374 734 indagari,
403 673 475 718 cum
506 674 561 718 eae
590 655 677 738 ipsae
708 655 956 738 litterae,.quae
986 653 1071 720 solae
1099 654 1202 718 facere
1226 661 1354 737 possent
1375 675 1443 718 mo·

158 816 161 824 .
214 777 369 850 mentum,
407 770 427 832 i.
457 790 482 834 e.
513 775 540 834 θ
572 749 677 835 littera
713 779 744 835 et
775 770 904 854 spiritus
935 789 1026 854 asper
1055 769 1184 834 fortuito
1216 769 1441 835 desiderentur.

213 881 352 948 Maxime
379 885 525 969 spiritum
555 906 618 949 non
648 886 781 969 reperiri
810 886 964 951 dolemus:
995 906 1068 950 nam
1101 887 1126 949 si
1156 885 1206 950 hio
1236 891 1441 970 compareret,

213 1005 307 1082 atque
337 1001 466 1084 antiqua
495 1005 530 1076 Β
556 1001 658 1066 forma
685 1008 842 1084 uteretur,
879 1001 1019 1065 dubitari
1044 1021 1106 1065 non
1138 1007 1258 1085 posset,
1289 1001 1365 1085 quin
1392 1001 1443 1066 hic

160 1193 163 1200 Ι
213 1114 324 1179 titulus
348 1116 390 1180 ad
413 1118 702 1200 antiquissimorum
728 1137 894 1182 nnmerum
921 1123 1003 1182 esset
1026 1117 1217 1182 referendae.

302 1232 346 1296 At
375 1233 420 1297 ita
449 1253 588 1316 quoque,
618 1239 654 1297 nt
682 1253 732 1297 res
757 1253 790 1297 se
815 1233 923 1315 babet,
956 1234 982 1297 si
1006 1233 1313 1318 comprehenduntur
1337 1233 1443 1297 omnia

214 1367 293 1428 quae
328 1348 366 1412 de
401 1348 459 1412 hac
491 1370 525 1413 re
559 1349 713 1431 diximus,
749 1349 853 1436 aliqua
888 1370 956 1413 sum
991 1348 1265 1414 verisimilitudine
1295 1348 1441 1413 contendi

214 1469 319 1546 potest
347 1461 460 1548 Koppa
493 1464 618 1530 litterae
652 1467 808 1547 integrum
841 1470 934 1547 atque
962 1465 1177 1548 incorruptum
1208 1483 1298 1528 usum
1327 1465 1359 1527 in
1384 1463 1443 1528 hoo

213 1578 306 1643 titulo
330 1598 522 1664 comparere.
558 1579 699 1645 Primum
724 1581 807 1646 enirn
831 1575 941 1645 titulus
965 1579 1085 1644 nullum
1110 1579 1237 1644 exhibet
1260 1581 1442 1645 recentioris

216 1695 328 1759 aetatis
357 1695 525 1776 indicium,
556 1696 609 1760 sed
633 1716 704 1760 cum
728 1692 903 1781 scripturae
926 1697 1024 1777 ratio,
1055 1715 1135 1778 quae
1159 1702 1207 1760 est
1230 1695 1441 1780 bustrophica,

215 1815 281 1874 tum
312 1830 419 1876 omnes
444 1811 583 1902 litterae,
615 1832 695 1895 quae
726 1811 855 1894 adsunt,
884 1811 1062 1876 remotioris
1087 1811 1282 1894 antiquitatis
1306 1812 1440 1895 speciem

216 1945 291 2010 prae
320 1947 353 1991 se
381 1926 495 1991 ferunt.
538 1915 659 1992 Deinde
682 1927 887 2012 repetendum
912 1933 960 1992 est
982 1927 1015 1991 in
1038 1927 1177 2011 lapidum
1203 1927 1303 1991 titulis
1327 1925 1442 2009 ubique

215 2047 316 2107 certas
346 2042 502 2107 scribendi
531 2043 616 2124 leges
646 2044 782 2128 perspici
807 2064 915 2127 posse,
948 2063 1025 2126 quas
1049 2043 1082 2106 in
1106 2042 1164 2106 hoo
1188 2042 1278 2106 titulo
1302 2048 1443 2127 praeter-

216 2159 329 2222 missas
364 2178 433 2223 esse
467 2178 505 2222 ex
534 2179 678 2224 vasorum
709 2158 967 2244 inscriptionibus
997 2156 1140 2222 concludi
1169 2159 1294 2223 omnino
1324 2158 1441 2241 nequit.

217 2273 359 2357 Denique
384 2275 507 2338 etiarnsi
533 2274 565 2338 in
590 2274 648 2339 hoo
672 2275 762 2339 titulo
787 2274 952 2339 incidendo
977 2295 994 2338 a
1018 2280 1165 2338 consueto
1189 2293 1247 2338 usu
1271 2274 1443 2338 discessum

217 2394 315 2471 esset,
345 2390 447 2474 ipsum
477 2388 555 2453 illud
586 2391 700 2454 mirum
731 2391 906 2471 videretur,
936 2390 1018 2472 q'uo'd
1043 2394 1106 2454 tarn
1131 2396 1312 2454 constanter
1335 2395 1443 2454 contra

217 2525 307 2569 usum
331 2505 482 2570 traditum
507 2504 621 2589 Koppa
644 2510 842 2589 usurpatum,
866 2525 924 2569 neo
947 2506 1050 2588 potius
1075 2505 1171 2570 semel
1193 2505 1323 2570 fortuito
1348 2505 1441 2569 etiam

216 2620 329 2706 Kappa
350 2622 529 2686 immixtum
555 2627 645 2686 esset.
682 2619 800 2696 Quibus
825 2621 863 2685 de
887 2622 989 2686 causis
1013 2641 1069 2706 pro
1094 2626 1177 2686 certo
1202 2620 1379 2686 habendum
1396 2628 1444 2685 est

217 2737 249 2800 in
273 2737 331 2801 hoc
354 2737 445 2801 titulo
469 2758 531 2801 non
557 2757 613 2821 per
636 2736 793 2800 licentiam
820 2737 873 2801 sed
898 2743 1028 2821 propter
1052 2743 1246 2801 constantem
1268 2757 1304 2801 ac
1319 2736 1442 2800 firmam
1471 2813 1474 2820 Ι

217 2853 472 2917 consuetudinem
498 2852 612 2937 Koppa
638 2852 776 2916 litteram
808 2858 932 2917 exstare
961 2858 992 2918 et
1021 2853 1158 2917 maxime
1188 2859 1316 2937 propter
1338 2853 1441 2936 ipsum

217 2967 329 3053 Koppa
353 2969 435 3033 huno
458 2968 583 3032 titulum
608 2968 646 3032 ad
670 2989 825 3032 summam
843 2969 1040 3033 referendum
1057 2989 1125 3033 esse
1141 2974 1339 3034 vetustatem.
1376 2965 1442 3044 Quo

218 3091 322 3150 autem
339 3085 489 3169 temporis
506 3084 609 3169 spatio
625 3085 817 3168 compositus
838 3085 889 3167 sit,
914 3086 1101 3168 quandoque
1117 3084 1231 3169 Koppa
1245 3084 1329 3169 apud
1346 3083 1443 3148 Athe-

217 3201 342 3265 nienses
372 3201 403 3264 in
432 3220 491 3264 usu
518 3201 637 3265 versari
669 3201 810 3283 desierit,
841 3220 904 3264 non
933 3202 1049 3284 poterit
1077 3200 1228 3283 discerni,
1260 3201 1441 3292 priusquam

218 3317 312 3381 etiarn
338 3316 392 3380 alii
415 3315 499 3380 tituli
515 3307 577 3380 'aut
600 3316 704 3401 ipsum
720 3315 833 3401 Koppa
857 3316 1050 3398 exhibenteS,
1075 3321 1129 3380 aut
1151 3315 1252 3380 locum
1272 3314 1443 3400 usurpandi

219 3430 384 3496 offerentes
408 3431 526 3515 reperti
551 3437 652 3496 erunt.
1337 3503 1345 3509 ,

308 3547 427 3632 Aptum
461 3547 583 3612 videtur
613 3547 661 3611 his
690 3546 783 3611 rebus
811 3547 968 3629 indagatis
992 3547 1097 3611 statim
1122 3545 1249 3611 tertium
1274 3565 1345 3610 eum
1370 3545 1443 3609 titu-

218 3663 284 3728 lum
309 3663 518 3743 considerare,
542 3663 574 3727 in
599 3684 669 3747 quo,
696 3669 850 3747 utsupra
874 3661 1117 3744 memorabatur,
1141 3661 1253 3746 Koppa
1272 3661 1445 3746 usurpandi

218 3778 352 3843 facultas
383 3784 451 3842 erat
479 3779 562 3842 data.
610 3778 772 3843 Invenitur
795 3778 828 3842 C.
847 3779 869 3843 l.
886 3779 925 3842 A.
950 3800 980 3843 n.
998 3779 1073 3843 lua.
1120 3777 1252 3842 Prorsus
1276 3777 1444 3858 singularis

220 3900 268 3960 est
295 3870 387 3976 hujus
415 3893 499 3958 tituli
528 3893 700 3988 scriptura,
730 3914 809 3979 quae
839 3899 886 3958 est
909 3893 1160 3958 mendosissime.
1206 3893 1336 3976 Legitur
1360 3892 1443 3956 enirn

220 4011 288 4092 sine
311 4009 376 4074 ulla
398 4009 607 4074 dubitatione:

595 4122 692 4210 Σῆμα
713 4125 792 4206 ‘rode
811 4125 925 4190 Κύλων
948 4126 1060 4190 παιδοι

593 4242 752 4324 ἐπέθηκεν
775 4247 914 4306 devoror
936 4266 1043 4324 prqpor

595 4357 810 4442 φιλημοσύνης
828 4405 835 4420 .
854 4407 860 4420 .
880 4405 887 4421 .

309 4471 395 4548 Quae
419 4469 533 4535 menda
557 4470 596 4535 ab
620 4472 689 4556 ipso
714 4470 870 4555 scalptore
894 4491 930 4536 ac
954 4492 1016 4536 non
1040 4472 1079 4537 ab
1102 4473 1151 4554 iis,
1177 4472 1229 4554 qui
1247 4470 1372 4536 titulum
1391 4491 1444 4536 ex·

221 4588 433 4673 scripserunt,
461 4589 545 4652 facta
572 4608 656 4671 esse,
686 4587 762 4652 satis
793 4587 958 4671 probatur,
988 4608 1058 4652 oum
1083 4608 1144 4651 non
1168 4588 1270 4652 solum
1294 4588 1444 4670 omnium,
