3488 5224
891 409 931 472 12

306 582 454 665 scriptam
492 603 560 647 0110
595 583 704 648 elucet.
752 582 869 647 Contra
900 608 918 648 v
945 583 1051 647 littera
1084 583 1114 646 in
1151 584 1269 646 11343
1299 583 1528 646 inconstantem

305 695 395 760 illum
418 697 550 781 praebet
574 719 674 780 usum,
698 718 768 762 cum
793 698 826 762 in
849 698 908 762 boc
931 697 1022 763 titulo
1038 704 1087 762 ter
1102 697 1216 778 media,
1240 702 1289 762 ter
1310 695 1530 779 antiquissima

304 811 406 876 forma
434 819 623 897 compareat.
668 812 701 877 ln
730 834 761 876 n.
784 815 845 877 331
878 812 1002 878 litterae
1025 838 1060 894 v,
1091 833 1169 895 quae
1194 816 1304 896 quater
1327 811 1529 895 conspicitur,

305 926 373 990 sola
401 927 516 1011 ubique
546 929 675 1011 antiqua
704 933 734 999 Ν
765 929 867 992 forma
895 929 994 993 incisa
1017 933 1074 993 011.
1115 925 1218 991 Unum
1244 932 1348 991 autem
1372 925 1530 1009 imprimis

307 1045 355 1105 est
383 1043 636 1107 memorandum:
666 1044 698 1109 in
730 1049 865 1126 utroque
897 1041 987 1106 titulo
1018 1069 1033 1106 e
1061 1041 1186 1106 litterae
1215 1061 1277 1105 non
1307 1041 1436 1125 antiqua
1464 1039 1529 1122 illa,

310 1175 401 1237 quam
439 1158 593 1239 novimus,
626 1156 659 1240 Ε
688 1159 790 1223 forma
817 1157 882 1221 sola
912 1129 1085 1242 reperitur,
1119 1157 1174 1221 sed
1202 1161 1366 1241 praeterea
1393 1151 1424 1236 Ε
1450 1151 1531 1219 01Ε

305 1270 437 1352 formae,
462 1293 593 1355 quarum
618 1273 703 1337 illam
729 1272 787 1352 (Ε)
807 1273 874 1355 jam
900 1291 995 1355 supra
1019 1271 1155 1337 breviter
1178 1271 1365 1336 notavimus.
1400 1269 1448 1333 De
1472 1289 1530 1332 usu

305 1385 416 1450 harum
433 1388 527 1451 trium
545 1387 683 1470 ejusdem
700 1386 824 1452 litterae
839 1387 1011 1450 formarum
1029 1386 1105 1450 haec
1121 1385 1253 1450 dicenda
1269 1391 1351 1450 sunt.
1388 1384 1531 1450 Genuina

307 1507 338 1565 et
367 1501 579 1566 vetustissima
607 1497 709 1567 fornia
738 1509 786 1566 est
820 1495 868 1584 β,
900 1522 979 1584 quae
1009 1501 1133 1584 quidem
1162 1500 1236 1565 inde
1268 1501 1530 1566 a.vetustissimis

307 1615 500 1700 temporibus
537 1635 634 1698 usque
669 1617 708 1680 ad
744 1617 845 1700 quinti
878 1617 994 1681 saeculi
1027 1616 1151 1680 initium
1188 1615 1280 1697 vulgo
1310 1615 1530 1699 usurpabatur,

308 1730 425 1815 quippe
449 1731 532 1813 quod
556 1752 595 1796 ex
611 1732 649 1796 iis
666 1731 776 1813 titulis,
801 1751 879 1815 qnos
895 1751 991 1816 supra
1006 1731 1284 1812 consideravimus,
1308 1731 1385 1794 satis
1401 1731 1530 1828 eluceat.

308 1835 398 1910 Haec'
424 1851 528 1911 autem
552 1847 771 1929 antiquissima
790 1847 895 1911 forma
913 1848 980 1929 jam
1005 1846 1173 1911 admodum
1197 1852 1320 1911 mature
1342 1847 1388 1910 ita
1411 1851 1532 1910 mutata

308 1965 366 2042 est,
392 1966 428 2025 ut
450 1968 648 2027 transversae
673 1961 797 2043 quidem
821 1960 923 2026 lineae
947 1962 1095 2048 obliquae
1114 1969 1288 2043 manerent,
1312 1961 1404 2026 hasta
1427 1967 1531 2025 autem

304 2076 370 2158 jam
394 2095 456 2140 non
480 2076 715 2160 produceretur.
751 2074 851 2152 Quam
874 2077 1008 2140 formam
1031 2075 1061 2152 Ε
1084 2078 1150 2160 jam
1168 2076 1271 2141 medio
1295 2083 1384 2142 101110
1409 2075 1532 2141 saeculo

309 2189 414 2271 eliqua
447 2210 485 2254 ex
514 2195 604 2275 parte
632 2191 665 2255 in
693 2211 783 2255 usum
814 2192 937 2258 venisse
968 2192 1051 2255 infra
1081 2190 1265 2256 videbimus.
1312 2191 1393 2256 Tum
1423 2211 1532 2276 proce-

308 2304 401 2368 dente
430 2311 572 2389 tempore
601 2305 692 2389 hujus
721 2306 841 2372 formae
865 2307 893 2380 Ε
923 2307 1068 2389 obliquae
1098 2306 1200 2371 lineae
1225 2306 1441 2388 erigebantur,
1471 2327 1532 2390 qua
1621 2371 1626 2376 .

309 2419 481 2485 mutatione
505 2419 763 2486 recentissimali
786 2423 888 2486 forma
912 2419 1020 2486 effecta
1044 2428 1102 2503 est,
1126 2441 1205 2504 quae
1222 2426 1293 2506 post
1310 2421 1391 2486 bella
1405 2420 1533 2486 Persica

310 2535 449 2619 expulsis
474 2536 702 2618 antiquioribus
724 2536 835 2602 formis
865 2531 895 2610 β
925 2544 956 2601 01
976 2534 1001 2606 Ε
1021 2536 1087 2602 1010
1110 2537 1143 2601 in
1159 2557 1217 2601 11111
1233 2538 1416 2621 permansit.
1453 2536 1531 2601 Cum

310 2655 413 2714 autem
449 2655 588 2715 extremo
618 2656 706 2716 sexto
737 2651 860 2716 saeculo
891 2672 998 2716 omnes
1026 2657 1091 2716 tres
1119 2651 1239 2716 formae
1268 2672 1331 2717 une
1359 2650 1531 2734 floruerint,

310 2785 502 2848 consequens
525 2767 601 2848 fuit,
626 2773 659 2831 ut
683 2788 789 2832 eorum
814 2788 889 2831 usus
913 2767 1081 2832 admodum
1105 2767 1286 2831 inconstans
1309 2765 1406 2831 fieret.
1447 2765 1532 2843 Quae

311 2881 537 2964 inconstantia,
562 2882 735 2965 cujusmodi
759 2883 854 2947 sitin
878 2883 933 2964 iis,
958 2883 996 2947 de
1020 2882 1132 2965 quibus
1157 2882 1294 2964 agimus,
1323 2881 1438 2964 titulis,
1465 2883 1531 2965 jam

312 2996 486 3062 accuratius
510 2997 724 3082 inspiciamus.
761 2997 796 3062 ln
819 3018 849 3062 n.
867 3000 932 3063 349
956 2998 1052 3062 semel
1076 3003 1196 3061 tantum
1223 2997 1353 3081 antiqua
1376 2992 1408 3078 Ε
1430 2997 1532 3060 forma

310 3118 479 3195 comparet,
496 3113 591 3177 octies
607 3119 712 3178 autem
724 3113 972 3178 recentissimum
988 3109 1158 3176 liincisum
1172 3118 1233 3193 est3
1251 3112 1382 3177 eandem
1398 3114 1532 3178 sormam

311 3245 341 3290 n.
356 3229 416 3291 351
436 3233 485 3292 101
500 3228 636 3310 exbibet,
660 3229 764 3293 media
779 3233 883 3293 antem
900 3229 1002 3292 forma
1019 3222 1051 3303 Ε
1070 3233 1179 3311 quater
1195 3228 1395 3313 conspicitur.
1423 3228 1532 3310 ltaque

311 3341 343 3405 in
367 3342 415 3406 bis
439 3343 539 3407 titulis
563 3344 782 3428 antiquissima
805 3344 917 3420 forma,
931 3351 1060 3430 excepto
1085 3364 1147 3408 nno
1165 3343 1309 3427 exemplo
1326 3342 1419 3427 plane
1434 3345 1532 3425 deest,

312 3461 343 3547 at
371 3456 455 3522 solae
484 3459 673 3537 recentiores
701 3460 821 3524 formae
850 3466 1020 3544 usurpatae
1049 3463 1137 3539 sunt3
1168 3477 1237 3522 cum
1272 3463 1374 3523 autem
1404 3459 1437 3523 in
1462 3456 1532 3522 aliis

312 3571 449 3653 ejusdem
479 3573 630 3657 temporis
653 3574 910 3659 inscriptionibus
935 3575 1031 3639 solam
1057 3574 1302 3640 vetustissimam
1326 3574 1459 3637 formam
1483 3593 1532 3638 re-

312 3684 487 3770 periamus,
517 3687 649 3752 noviciis
678 3689 789 3753 formis
820 3677 874 3754 aut
905 3688 997 3773 plane
1027 3689 1258 3774 praetermissis
1290 3693 1344 3752 aut
1372 3688 1532 3753 rarissime

311 3806 433 3865 tantum
463 3802 627 3885 admixtis,
643 3787 823 3888 ¹perspicue
851 3804 1037 3886 intelligitur
1061 3803 1311 3887 antiquissimam
1339 3800 1369 3884 ξ
1398 3805 1531 3868 formam

311 3916 343 3979 in
372 3916 482 3981 iisdem
512 3917 613 3982 titulis
643 3939 712 3983 cum
737 3920 961 4000 recentioribus
985 3921 1094 3985 formis
1118 3940 1180 3984 non
1205 3939 1332 4002 prorsus
1356 3921 1532 4004 promiscue

218 4111 231 4136 .
314 4050 382 4095 0110
404 4039 599 4116 usurpatam,
624 4035 677 4099 sed
702 4035 840 4118 singulos
864 4035 972 4100 titulos
995 4035 1179 4120 plerumque
1203 4041 1257 4100 aut
1272 4034 1369 4099 solam
1386 4035 1533 4100 vetustis-

313 4145 436 4229 simam,
461 4155 515 4213 aut
538 4148 620 4213 solas
646 4151 836 4216 recentiores
857 4152 975 4215 formas
991 4151 1148 4216 exhibere.

402 4260 564 4327 Videmus'
581 4264 677 4345 igitur
705 4265 778 4330 inde
801 4286 819 4330 a
843 4266 945 4330 medio
969 4271 1057 4331 101110
1081 4265 1205 4331 saeculo
1229 4292 1244 4330 e
1268 4265 1392 4329 litterae
1414 4263 1531 4327 formes

313 4377 422 4441 eadem
448 4378 513 4444 fere
542 4379 753 4445 inconstantia
780 4389 947 4466 usurpatas
976 4402 1059 4463 esse,
1090 4401 1182 4465 qnam
1213 4379 1389 4445 litterarum
1412 4405 1436 4462 μ
1459 4383 1532 4443 01ν

312 4491 429 4557 formas
453 4494 561 4561 eadem
586 4499 689 4560 aetate
711 4495 861 4580 praebere
884 4497 1070 4561 notavimus.
1107 4494 1169 4560 Sed
1184 4495 1304 4559 duabus
1319 4493 1413 4559 rebus
1428 4498 1532 4558 utrae·

315 4629 374 4693 que
401 4610 525 4678 litterae
554 4608 711 4713 differunt.
751 4608 894 4674 Primum
922 4612 1046 4676 litterae
1074 4636 1089 4674 e
1112 4615 1251 4674 mutatae
1273 4609 1377 4694 prima
1400 4607 1533 4690 vestigia
