3488 5224
888 305 931 372 58

297 480 391 546 nimis
416 479 542 564 longum
568 482 624 564 sit,
650 481 756 546 omnia
778 482 889 566 verba,
920 503 1088 567 omnesque
1113 483 1196 547 loros
1220 503 1404 548 enumerare
1428 489 1520 567 atque

297 597 507 679 considerare,
532 596 609 660 nihil
632 597 735 663 facere
757 597 790 661 in
816 598 920 663 animo
944 598 1053 680 babeo,
1078 598 1138 663 nisi
1162 598 1196 662 in
1220 598 1400 664 universum
1420 617 1521 683 pauca

297 711 400 776 dicere
437 711 476 775 de
504 732 635 777 numero
664 712 802 777 omnium
834 713 1049 799 exemplorum
1080 720 1112 779 et
1140 714 1179 780 de
1206 714 1245 779 iis
1269 712 1412 796 vocibus,
1442 733 1520 796 quae

297 827 425 909 majoris
456 828 609 892 momenti
639 847 705 893 esse
735 827 908 893 videantur.
945 827 992 893 Ac
1019 828 1175 894 scribendi
1206 829 1336 913 spiritus
1361 829 1464 912 asperi
1488 829 1520 892 in

297 942 382 1006 omni
405 941 497 1006 titulo
521 941 623 1008 locum
649 943 803 1008 dederunt
831 964 921 1009 voees
946 943 1126 1026 sexaginta,
1157 964 1287 1028 quarum
1313 944 1521 1028 quadraginta

296 1057 425 1141 spiritus
449 1065 557 1123 notam
582 1058 745 1143 praebent,
770 1059 879 1142 viginti
904 1059 1071 1124 autem'ea
1086 1065 1203 1124 carent.
1236 1058 1398 1124 Ducentae
1415 1066 1518 1124 autem

296 1178 327 1237 et
357 1173 624 1256 quattuordecim,
654 1174 715 1239 nisi
738 1174 846 1257 fallor,
881 1195 973 1240 voces
1002 1175 1216 1259 reperiuntur,
1248 1175 1360 1257 quibus
1391 1181 1519 1259 propter

295 1293 439 1352 naturam
464 1309 552 1353 suam
578 1294 671 1372 atque
700 1288 837 1354 indolem
862 1309 925 1354 non
949 1290 1080 1374 spiritus
1105 1309 1197 1373 asper
1220 1290 1274 1355 sed
1298 1310 1377 1374 pura
1403 1289 1518 1355 vocalis

294 1403 484 1487 principium
510 1410 566 1469 est.
603 1404 722 1469 Harum
747 1404 844 1487 igitur
860 1424 971 1470 vocum
987 1403 1191 1469 nihilominus
1215 1410 1339 1469 centum
1357 1411 1389 1470 et
1407 1405 1519 1488 viginti

295 1517 374 1584 duae
399 1515 429 1586 Η
454 1520 587 1585 formam
613 1519 845 1604 superadditam
871 1521 1029 1603 exhibent,
1054 1525 1085 1586 et
1107 1520 1325 1585 tantummodo
1347 1520 1520 1602 nonaginta

293 1635 373 1700 duae
413 1640 496 1701 recte
537 1640 611 1699 sunt
651 1635 795 1719 scriptae.
844 1635 911 1712 Qua
949 1655 984 1700 ra
1018 1636 1161 1700 videmus
1195 1635 1227 1698 in
1263 1635 1320 1699 hoc
1354 1635 1446 1701 titulo
1482 1655 1519 1700 ea

293 1749 459 1835 exempla,
491 1769 570 1833 quae
599 1750 748 1815 adversus
779 1770 885 1815 verum
914 1750 1040 1833 linguae
1070 1748 1209 1816 Graecae
1236 1771 1326 1815 usum
1357 1746 1388 1817 Η
1417 1751 1519 1816 forma

293 1872 347 1930 aut
371 1871 500 1931 utantur
522 1871 578 1930 aut
600 1872 738 1948 careant,
763 1867 887 1951 saepius
912 1886 949 1930 ac
965 1865 1055 1950 plura
1078 1866 1225 1948 inveniri,
1250 1885 1343 1949 quam
1368 1885 1415 1947 ea,
1439 1885 1518 1949 quae

292 1984 411 2046 rectam
440 1983 595 2046 sermonis
624 1982 882 2047 consuetudinem
911 1985 1019 2046 secuta
1048 1981 1119 2045 sint.
1163 1979 1365 2063 Singulorum
1396 2001 1517 2064 vocum,

293 2116 372 2180 quaa
406 2097 489 2161 hunc
523 2118 613 2162 usum
649 2102 830 2181 corruptum
868 2097 1019 2182 praebent
1059 2095 1215 2180 imprimis
1253 2097 1411 2162 notandae
1445 2102 1518 2161 sunt

293 2230 383 2276 voces
407 2212 543 2278 oiuor'rvu
573 2220 605 2277 et
627 2213 735 2289 οἰκῶν,
765 2232 897 2297 quarum
928 2217 1060 2295 utraque
1090 2211 1186 2276 vicies
1214 2212 1295 2294 fere,
1318 2210 1369 2277 vel
1391 2212 1517 2297 saepius

291 2331 467 2411 comparet3
498 2334 608 2393 contra
631 2329 769 2395 clnculum
792 2334 857 2410 ter,
888 2333 920 2394 et
942 2330 1038 2393 οἰκῶν
1062 2327 1157 2392 semel
1181 2331 1304 2393 tantum
1327 2328 1514 2393 invenimus.

290 2441 386 2507 Recte
420 2442 604 2528 plerumque
640 2444 758 2529 scripta
792 2449 840 2508 est
873 2445 908 2508 ἕν
942 2463 1019 2525 von,
1055 2443 1193 2507 maxime
1227 2443 1259 2507 in
1289 2443 1515 2529 compositione

292 2559 472 2645 ἐμΜελίτῃ,
508 2580 586 2643 quae
621 2561 805 2644 saepissime
838 2559 1012 2644 reperitur3
1048 2558 1205 2643 scriptura
1239 2559 1274 2624 ἑν
1309 2579 1365 2643 pro
1399 2561 1435 2625 ἐν
1467 2558 1515 2623 bis

293 2678 414 2739 tantum
444 2675 590 2740 immixta
620 2682 676 2740 est.
713 2673 769 2739 lllo
799 2681 902 2739 autem
934 2679 1075 2765 tempore
1100 2674 1245 2759 spiritum
1275 2693 1420 2758 asperum
1443 2693 1515 2758 pro·

290 2791 446 2854 nuntiari·
466 2790 560 2874 plane
594 2791 727 2856 desitum
764 2789 862 2855 fuisse
896 2789 1149 2854 commodissime
1182 2789 1368 2872 intelligitur
1401 2810 1438 2854 ex
1467 2789 1516 2853 his

292 2905 458 2970 verborum
489 2906 783 2990 compositionibus,
815 2925 894 2988 quae
923 2906 1048 2990 saepius
1071 2905 1186 2987 legenti
1212 2911 1391 2971 occurrunt:
1421 2906 1453 2981 ές
1477 2907 1516 2981 ἃς

292 3040 349 3105 pro
373 3022 406 3096 ἐς
430 3022 485 3102 ἃς,
509 3021 554 3097 εἷς
577 3022 666 3106 ἱερά,
690 3021 746 3088 τὸν
769 3022 922 3106 ἐχόμενον
944 3023 1015 3107 ἑξῆς
1038 3041 1063 3086 θ.
1081 3041 1109 3084 a.

555 3344 584 3406 2.
620 3341 674 3406 De
699 3361 768 3406 usu
792 3340 1013 3406 Ionicarum
1036 3341 1254 3405 formarum.

379 3481 452 3546 Jam
476 3503 572 3568 supra
595 3484 715 3567 aliquot
738 3483 884 3568 exempla
907 3483 1102 3564 notavimus,
1134 3481 1246 3565 quibus
1271 3482 1437 3566 probatur,
1461 3483 1516 3547 ad-

291 3597 418 3661 modum
442 3605 565 3664 mature
589 3599 799 3664 Athenienses
831 3600 864 3663 in
889 3598 1061 3662 tractandis
1085 3597 1199 3662 litteris
1223 3597 1336 3663 loniois
1358 3598 1404 3662 ita
1427 3617 1516 3663 exer-

259 3707 261 3712 ’
291 3713 403 3777 citatos
426 3713 539 3796 fuisse,
570 3719 605 3778 ut
627 3733 861 3796 nonnumquam
887 3712 1037 3796 quasdam
1062 3712 1183 3778 lonicas
1206 3713 1323 3777 formas
1351 3733 1406 3778 seu
1430 3731 1515 3794 casu,

292 3833 347 3892 seu
371 3828 500 3894 consilio
525 3829 640 3893 Atticis
664 3828 764 3893 titulis
787 3828 1026 3893 immiscuerint.
1057 3825 1109 3892 Sic
1124 3829 1157 3891 in
1174 3829 1264 3893 titulo
1281 3827 1314 3894 C.
1328 3828 1351 3893 l.
1365 3829 1403 3893 A.
1418 3849 1448 3892 n.
1464 3830 1514 3910 13,
1567 3911 1571 3918 ι

291 3944 344 4028 qui
375 3944 498 4010 videtur
528 3964 596 4010 esse
626 3951 773 4010 exaratus
797 3963 841 4010 ca.
861 3942 908 4007 Ol.
928 3944 987 4025 80,
1011 3939 1044 4010 Ψ
1067 3943 1170 4008 forma
1193 3949 1373 4010 constanter
1397 3944 1516 4028 scripta

291 4067 466 4144 comparet3
498 4059 606 4125 eodem
638 4059 730 4124 modo
759 4061 792 4123 in
822 4058 986 4124 tractando
1016 4058 1107 4122 titulo
1137 4079 1167 4123 n.
1192 4061 1273 4142 440,
1304 4059 1356 4143 qui
1386 4064 1418 4124 et
1447 4059 1515 4143 ipse

290 4176 483 4260 compositus
507 4181 556 4240 est
578 4180 651 4241 anto
675 4174 722 4239 Ol.
741 4176 793 4257 83,
811 4179 841 4257 3,
866 4170 1047 4241 {formam
1072 4175 1259 4239 notavimus.
1292 4174 1390 4240 Porro
1406 4174 1515 4239 titulus

291 4289 325 4356 O.
343 4291 365 4356 l.
383 4291 421 4355 A.
438 4311 469 4355 n.
487 4291 569 4372 398,
595 4310 686 4374 quem
715 4291 791 4354 satis
821 4296 979 4356 vetustum
1010 4309 1078 4354 esse
1102 4288 1151 4372 Ν,
1176 4283 1212 4374 5,
1239 4287 1277 4364 (D
1303 4290 1414 4354 formis
1443 4309 1515 4374 pro-

290 4405 397 4488 batur,
435 4404 467 4472 Λ
494 4406 627 4471 formam
667 4411 848 4472 constanter
877 4425 946 4470 cum
975 4403 1097 4472 Lamda
1123 4405 1247 4472 litterae
1277 4411 1434 4492 potestate
1461 4425 1514 4470 ex-

290 4522 391 4602 hibet3
429 4524 464 4587 in
503 4522 613 4587 eodem
649 4521 744 4587 etiam
782 4519 810 4587 Γ
841 4521 975 4586 formam
1013 4522 1162 4606 scriptam
1197 4524 1295 4588 fuisse
1329 4522 1515 4604 intelligitur
