3488 5224
802 393 844 457 41

215 567 295 634 ἄστυ
322 575 379 653 βίᾳ
411 573 541 652 Περσῶν
570 565 767 652 niuvdpsvolr
796 567 969 653 drivapev]“
1005 568 1222 634 tantummodo
1251 569 1282 632 id
1313 589 1442 653 prorsus

215 681 404 764 intelligitur
436 690 672 749 monumentum
700 683 780 748 illud
807 683 840 748 in
864 684 1015 749 bellorum
1039 683 1235 749 Persicorum
1259 686 1443 749 memoriam
1499 700 1504 708 ¹

217 797 415 864 aedificatum
444 800 551 865 fuisse.
596 797 658 864 Sed
687 818 744 864 nec
777 819 837 882 quo
867 799 1019 884 temporis
1049 805 1180 883 puncto,
1208 819 1309 882 neque
1337 820 1355 864 a
1383 819 1443 883 quo

216 913 370 978 statuario
393 915 568 980 confectum
593 915 644 996 sit,
669 934 770 998 neque
795 920 899 978 utrum
924 913 1098 999 sepulcrale
1121 921 1374 996 monumentum,
1403 934 1443 978 an

217 1027 382 1092 donarium
406 1029 511 1110 fuerit,
536 1029 599 1094 ullo
619 1029 711 1094 modo
728 1029 865 1113 perspici
883 1034 994 1113 potest.
1031 1027 1184 1104 Quoniam
1201 1029 1299 1110 igitur
1315 1035 1444 1114 propter

217 1141 313 1208 totius
329 1142 526 1209 litteraturae
542 1144 678 1229 speciem
696 1145 897 1209 vetustiorem
913 1144 997 1220 hunc
1009 1143 1133 1208 titulum
1148 1147 1238 1210 annis
1251 1144 1298 1209 Ol.
1314 1145 1445 1210 19-80

187 1272 191 1280 “
216 1259 405 1322 anteriorem
436 1279 504 1324 esse
536 1260 662 1344 opinor,
687 1260 752 1340 jam
783 1258 996 1342 quaerendum
1026 1265 1088 1340 eet,
1118 1259 1200 1341 quod
1231 1259 1270 1324 ad
1293 1261 1444 1344 temporis

218 1379 368 1457 punctum
402 1375 560 1458 pertinere
592 1374 745 1439 videatur.
786 1373 834 1438 Αο
862 1380 947 1438 00110
976 1394 1044 1444 eum
1076 1380 1147 1458 post
1169 1373 1296 1439 Persica
1319 1375 1443 1440 demum

218 1487 315 1570 bella,
339 1490 360 1553 i.
379 1509 404 1554 e.
422 1495 494 1573 post
518 1488 626 1554 0115
650 1488 802 1573 scriptum
828 1509 896 1553 esse
920 1509 958 1554 ex
981 1488 1059 1572 ipsis
1084 1490 1150 1571 ejus
1173 1490 1277 1554 verbis
1301 1495 1444 1574 apparet,

219 1624 330 1688 quare,
354 1623 424 1669 cum
450 1623 557 1688 pugna
579 1603 773 1668 Plataeensis
797 1623 878 1668 anno
902 1602 950 1668 Ol.
970 1603 1022 1682 15,
1046 1604 1066 1666 2
1090 1605 1338 1687 commisesunt,
1367 1605 1444 1669 satis

218 1726 292 1806 apte
323 1719 401 1784 haec
429 1719 608 1802 conjectura
629 1718 697 1784 fieri
722 1724 840 1804 potest,
870 1719 928 1784 hoo
951 1723 1187 1784 monumentum
1211 1739 1256 1784 cu.
1274 1718 1320 1784 Ol.
1339 1721 1381 1784 16
1405 1719 1444 1784 ab

219 1833 465 1901 Atheniensibus
489 1853 558 1899 esse
576 1834 723 1917 positum.
760 1833 903 1917 Denique
920 1834 1115 1899 conferamus
1132 1833 1215 1899 hunc
1230 1834 1356 1899 titulum
1373 1853 1443 1899 cum

219 1950 316 2016 altero
340 1950 395 2015 1110
412 1948 458 2029 (Ο.
473 1948 495 2014 1.
510 1949 547 2013 A.
562 1950 606 2031 5),
632 1969 723 2032 quem
748 1949 856 2015 eodem
880 1949 945 2014 fere
969 1956 1110 2034 tempore
1133 1949 1266 2015 incisum
1289 1969 1357 2015 esse
1372 1969 1444 2014 oen-

218 2067 348 2132 suimus.
390 2063 529 2147 Uterque
558 2083 622 2128 non
651 2065 816 2150 στοιχηδόν
839 2069 888 2129 001
910 2065 1064 2148 scriptus,
1094 2070 1225 2148 uterque
1248 2065 1298 2150 Ny
1318 2065 1445 2158 litterae

219 2180 370 2247 inclinata
393 2175 430 2245 Ν
454 2179 557 2244 forma
578 2180 693 2260 utitur3
724 2179 835 2244 sedin
858 2182 927 2244 nh
950 2179 1076 2263 quidem
1102 2205 1123 2244 α
1146 2178 1270 2246 litterae
1293 2181 1446 2245 vetustior

219 2291 393 2377 Merme,
417 2321 441 2379 p
462 2300 496 2360 ct
518 2321 534 2359 s
557 2294 733 2360 litterarum
758 2295 993 2360 recentissimae
1016 2295 1135 2360 formae
1160 2294 1192 2361 Μ
1217 2302 1249 2360 et
1272 2294 1298 2362 Ε
1321 2297 1445 2380 conspi—

218 2410 353 2476 ciuntur.
391 2408 510 2475 Contra
532 2430 563 2474 n.
580 2410 645 2475 333
668 2409 779 2474 harum
803 2409 981 2475 litterarum
1005 2411 1192 2475 vetustiores
1213 2412 1331 2476 formas
1349 2408 1397 2477 ΛΛ
1415 2416 1445 2476 01

219 2502 267 2608 Ε,
291 2551 313 2590 α
328 2525 454 2590 litterae
469 2529 573 2590 autem
591 2525 745 2590 noviciam
763 2523 794 2591 Α
810 2525 944 2589 formam
962 2524 1097 2590 exhibet.
1128 2525 1196 2591 Hae
1212 2528 1317 2591 variae
1332 2546 1444 2592 carun-

219 2642 291 2708 dem
314 2641 491 2706 litterarum
516 2641 636 2706 formae
659 2659 722 2705 non
746 2640 882 2722 obstant,
907 2639 1074 2723 quominus
1099 2640 1189 2706 ambo
1204 2641 1291 2706 tituli
1307 2641 1346 2707 ad
1362 2643 1443 2706 idem

218 2757 284 2823 iere
312 2763 436 2842 tempus
464 2756 657 2837 referantur3
685 2756 917 2822 tentassent
947 2756 1055 2840 paucis
1084 2756 1175 2821 annis
1203 2758 1359 2822 recentior
1387 2765 1444 2840 est,

221 2892 316 2958 quam
339 2892 369 2936 n.
388 2874 463 2938 333.

310 2985 439 3082 Praeter
463 2986 529 3068 hos,
553 3007 631 3070 quos
655 2987 922 3052 consideravimus
945 2987 1053 3051 titulos
1069 2987 1199 3071 plurimi
1215 2992 1356 3070 exstant,
1381 2989 1444 3071 qui,

221 3122 292 3168 cum
318 3102 442 3167 easdem
467 3101 643 3167 litterarum
669 3127 687 3168 ν
710 3108 742 3167 01
765 3128 787 3166 α
810 3103 929 3167 formas
951 3102 1138 3186 praebeant,
1171 3103 1210 3168 ad
1233 3103 1383 3184 eundem,
1405 3103 1446 3168 de

221 3238 282 3303 quo
313 3218 451 3299 agimus,
482 3217 622 3282 ordinem
652 3216 845 3301 eandemque
870 3223 1003 3283 aetatem
1029 3223 1102 3282 sunt
1125 3218 1289 3284 referendi.
1336 3219 1384 3284 Ac
1405 3239 1445 3284 ne

220 3332 316 3398 nimis
344 3331 439 3413 longa
467 3331 523 3397 liat
549 3331 626 3398 haec
654 3333 818 3415 tractatio,
848 3353 909 3396 non
939 3333 1137 3398 considerare
1160 3353 1269 3398 01111100
1292 3333 1347 3398 sed
1370 3353 1440 3399 enu-

221 3467 344 3513 merare
367 3451 488 3512 tantum
513 3447 546 3511 in
570 3447 675 3511 animo
698 3446 806 3512 habeo.
843 3446 1107 3532 Populisoitorum
1132 3448 1170 3511 ad
1187 3448 1246 3512 hoc
1260 3467 1358 3529 genus
1375 3467 1458 3542 pers

221 3564 338 3630 tinent:
364 3562 398 3628 G.
416 3561 439 3627 1.
456 3563 495 3626 Α.
518 3583 548 3626 n.
569 3565 619 3644 11,
639 3563 761 3643 1513,
781 3561 831 3644 15,
851 3564 901 3645 11,
921 3564 972 3644 18,
991 3565 1042 3645 19,
1067 3583 1127 3646 quo
1151 3563 1183 3626 in
1207 3583 1337 3628 numero
1361 3563 1445 3628 solus

222 3699 252 3745 n.
274 3681 312 3744 13
337 3679 558 3744 memorandus
582 3682 639 3743 est.
676 3676 710 3742 111
734 3676 792 3741 500
815 3677 897 3742 0111111
921 3677 1013 3742 titulo
1038 3677 1153 3763 duplex
1169 3697 1264 3742 sonus
1281 3691 1332 3764 ψτ,
1357 3678 1445 3760 eujus

222 3793 396 3880 usurpandi
420 3793 468 3859 his
490 3793 577 3858 locus
602 3799 670 3858 erat
692 3797 750 3871 (vs.
769 3795 790 3858 3
811 3798 903 3858 etus.
922 3794 954 3873 6)
977 3812 1041 3857 non
1063 3793 1178 3861 litteris
1201 3818 1246 3880 φο
1269 3793 1324 3858 sed
1340 3793 1446 3859 Ionica

223 3915 299 3975 nota
321 3905 354 3975 W
378 3908 559 3990 designatus
584 3913 640 3974 est.
677 3907 745 3985 Qua
767 3927 802 3972 re
824 3907 1011 3990 intelligitur
1028 3909 1096 3991 jam
1113 3913 1186 3974 ante
1201 3909 1337 3974 medium
1355 3909 1445 3993 quin-

223 4030 290 4090 tum
314 4043 395 4090 saec.
412 4022 622 4088 Athenienses
638 4019 735 4088 Ionici
759 4021 919 4108 alphabeti
942 4024 1060 4088 formas
1084 4025 1235 4088 memoria
1259 4043 1294 4089 ac
1314 4024 1446 4089 scientia

224 4139 269 4206 ita
291 4137 533 4224 comprehensus
557 4137 714 4221 hahuisse,
737 4144 772 4203 ut
794 4138 953 4204 interdum
977 4139 1025 4204 uel
1048 4140 1081 4204 in
1106 4139 1239 4223 publicis
1261 4159 1445 4204 monumen-

223 4256 265 4320 tis
293 4253 460 4320 exarandis
488 4254 522 4317 in
546 4253 654 4316 Ionum
686 4272 803 4318 morem
834 4252 1042 4335 inciderint¹).
1089 4254 1257 4320 Praeterea
1279 4255 1311 4320 in
1336 4255 1443 4320 eodem

224 4370 316 4436 titulo
345 4390 375 4434 n.
398 4371 436 4433 13
464 4368 602 4434 notanda
630 4374 678 4432 est
705 4382 744 4456 pt
765 4367 891 4436 litterae
918 4364 1267 4454 1000111101Φ1011110,
1296 4391 1388 4454 quam
1412 4371 1445 4435 in

225 4527 435 4540 ffl-ae-

315 4617 335 4681 1)
354 4611 389 4668 01.
402 4612 558 4670 Kirohhoff:
577 4613 656 4669 stud.
669 4631 692 4669 a.
706 4612 805 4670 Gesoh.
819 4614 846 4669 d.
859 4613 961 4684 grieoh.
975 4613 1055 4683 Alph.
1072 4632 1099 4684 p.
1113 4616 1155 4671 il.
