3488 5224
603 763 1024 864 Paestanum.

763 991 869 998 —-.—-

346 1149 679 1250 lnsoriptiones
707 1156 811 1249 post
838 1151 897 1224 Ol.
929 1157 988 1242 75,
1022 1157 1039 1224 1
1072 1155 1294 1225 exaratae.

294 1323 329 1388 ln
353 1324 486 1390 historia
509 1324 667 1410 alphabeti
684 1324 782 1392 Attioi
806 1326 972 1392 scribenda
995 1325 1111 1391 summi
1133 1346 1211 1410 prae
1226 1325 1339 1390 ceteris
1363 1344 1429 1390 mo-

205 1440 303 1505 menti
327 1459 379 1506 eos
407 1439 516 1504 titulos
546 1459 615 1506 esse
644 1445 792 1526 apparet,
817 1442 870 1525 qni
900 1446 973 1506 ante
1001 1461 1070 1508 earn
1099 1445 1234 1506 aetatem
1264 1438 1430 1524 compositi

205 1560 298 1638 suna
313 1575 373 1638 qna
402 1555 596 1636 singularum
625 1555 804 1628 litterarum
826 1557 946 1622 formae
970 1556 1007 1620 ad
1032 1555 1167 1640 speeiem
1195 1555 1351 1638 quantiam
1376 1553 1429 1620 fir·

204 1671 336 1735 miorem
366 1690 402 1736 ao
431 1671 624 1736 stabiliorem
656 1678 876 1757 pervenerunt.
923 1671 965 1736 Et
996 1669 1138 1754 quamvis
1166 1669 1243 1736 haee
1274 1669 1429 1754 stabilitas

206 1805 242 1850 ea
266 1769 378 1868 aetate
403 1787 443 1852 ad
467 1807 561 1870 qnam
586 1786 745 1873 alphabeti
761 1787 925 1852 historiam
943 1787 1157 1872 perduximus,
1181 1785 1319 1853 nondum
1336 1785 1430 1870 plane

206 1901 344 1986 perfecta
366 1902 471 1985 fuerit,
496 1923 577 1984 oum,
602 1910 637 1969 ut
653 1903 838 1987 videbimus,
862 1905 932 1986 ipsa
955 1903 1014 1966 heo
1030 1906 1133 1967 aetate
1157 1907 1187 1965 et
1203 1900 1296 1986 paulo
1320 1906 1430 1985 postea

205 2017 427 2083 nonnullarum
461 2018 636 2083 litterarum
673 2019 792 2084 formae
822 2039 913 2083 usum
949 2017 1075 2082 omnino
1109 2016 1339 2082 inconstantem
1375 2015 1429 2080 ha-

206 2132 339 2216 buerint,
363 2139 469 2198 tamen
493 2133 552 2199 hae
575 2135 780 2235 mutationes,
810 2155 890 2218 quae
912 2133 985 2198 inde
1015 2133 1054 2198 ab
1082 2131 1136 2196 illo
1160 2139 1302 2216 tempore
1331 2150 1430 2214 usqne

206 2248 247 2313 ad
267 2248 408 2313 Euclidis
433 2269 547 2314 annum
573 2257 646 2314 sunt
668 2249 779 2330 faotae,
806 2251 833 2314 si
856 2270 928 2314 oum
945 2249 1151 2314 vetustiorum
1168 2254 1345 2331 temporum
1362 2266 1430 2311 mu-

205 2364 376 2430 tationibus
401 2364 616 2446 conferantur,
641 2364 718 2430 adeo
743 2384 860 2449 paneae
889 2371 921 2430 et
943 2364 1074 2430 minoris
1103 2364 1254 2428 momenti
1282 2366 1372 2445 sunt,
1396 2365 1431 2426 ut

204 2479 299 2546 liceat
327 2479 462 2545 breviter
490 2484 614 2546 tantum
644 2499 697 2546 eas
727 2481 889 2562 attingere.
937 2479 1106 2546 Praeterea
1133 2498 1282 2543 numerus
1311 2498 1429 2560 eorum,

206 2596 258 2680 qni
282 2616 321 2661 ex
345 2595 403 2661 hoo
426 2601 567 2680 tempore
591 2601 718 2660 exstant
740 2596 902 2660 titulorum
927 2600 1034 2660 tantus
1058 2600 1115 2677 est,
1139 2601 1175 2659 ut
1194 2594 1333 2676 singulos
1357 2612 1430 2661 oon-

206 2711 345 2777 siderare
368 2711 496 2776 omnino
519 2730 582 2775 non
607 2731 684 2794 opus
701 2711 753 2793 sit,
777 2711 963 2795 praesertim
986 2731 1055 2776 oum
1073 2711 1215 2797 plerique
1237 2709 1331 2794 plane
1346 2709 1429 2777 idern

206 2827 407 2911 alphabetum
438 2825 615 2891 exhibeant.
663 2825 772 2910 ltaque
802 2847 840 2892 ex
876 2827 934 2891 hao
968 2833 1057 2892 tanta
1087 2823 1288 2891 multitudine
1323 2824 1361 2888 de
1390 2823 1429 2888 iis

205 2947 326 3008 tantum
344 2941 445 3008 titulis
462 2941 616 3024 agendum
633 2941 702 3023 erit,
725 2941 757 3005 in
775 2942 887 3025 quibus
904 2942 1112 3026 proprietates
1129 2946 1221 3023 atque
1240 2940 1430 3006 mutationes
1461 2956 1463 2960 ·

206 3057 364 3152 alphabeti
393 3057 645 3123 commodissime
674 3063 892 3143 compareant,
916 3075 1110 3140 quorumque
1134 3061 1220 3121 aetas
1244 3055 1430 3122 certioribus

205 3174 398 3258 argumentis
421 3174 522 3259 possit
546 3173 770 3240 oiroumsoribi.
1182 3167 1185 3174 ’
1448 3251 1453 3266 ἱ

294 3289 373 3355 Cum
398 3310 522 3373 eornm,
547 3309 625 3374 quos
641 3310 745 3375 supra
769 3288 978 3354 'tractavimus
1005 3286 1167 3351 titulorum
1199 3286 1430 3352 recentissimos

206 3411 279 3472 ante
308 3405 355 3470 Ol.
380 3408 424 3470 70
452 3405 501 3472 vel
530 3404 578 3470 Ol.
605 3406 646 3468 75
674 3406 808 3488 scriptos
844 3422 912 3468 esse
947 3402 1135 3484 viderimus,
1165 3401 1233 3484 jam
1268 3400 1326 3466 hoo
1361 3401 1429 3466 looo

205 3521 341 3604 primum
367 3520 404 3584 de
428 3520 466 3585 iis
490 3518 645 3602 agendum
670 3518 740 3601 erit,
764 3518 817 3601 qui
834 3518 1026 3602 temporibus
1050 3518 1194 3602 proxime
1217 3520 1289 3601 post
1313 3535 1427 3581 annum

207 3635 254 3700 Ol.
280 3636 333 3718 lb,
356 3640 372 3701 1
397 3635 633 3718 insequentibus
657 3634 803 3699 videntur
826 3653 894 3698 esse
918 3633 1049 3698 exarati.
1096 3623 1214 3710 Quodsi
1236 3633 1282 3696 ite
1306 3633 1429 3715 qnaeri-

205 3770 285 3834 mus‚
310 3750 400 3816 valde
423 3750 626 3817 memorabile
649 3752 848 3834 maximeque
871 3748 1040 3814 dolendum
1069 3753 1117 3814 est
1145 3747 1297 3830 ejusmodi
1321 3747 1429 3812 titulos

206 3867 332 3932 omnino
361 3867 426 3932 fere
456 3866 643 3948 desiderari,
673 3886 743 3931 oum
773 3885 835 3929 non
864 3865 956 3928 modo
984 3884 1107 3946 eorum,
1137 3864 1190 3946 qui
1217 3863 1300 3928 inter
1331 3881 1429 3932 annos

206 3981 254 4049 01.
272 3981 415 4064 so-te,
443 4002 551 4048 verum
577 3983 671 4047 etiam
696 4001 813 4061 eorum,
843 3980 895 4062 qui
920 3979 992 4044 inde
1013 3971 1055 4044 ¹ab
1080 3978 1127 4043 Ol.
1145 3977 1278 4042 75—80
1301 3996 1428 4061 compo-

139 4097 142 4106 *
206 4099 260 4165 siti
275 4103 358 4180 sunt,
382 4097 565 4182 paucissimi
581 4102 715 4178 exstent,
739 4097 785 4162 ita
807 4101 842 4160 nt
858 4095 896 4160 de
913 4093 1072 4180 alphabeti
1088 4092 1325 4176 mutationibus,
1350 4112 1429 4175 quae

207 4213 293 4279 omni
316 4213 370 4278 illo
395 4219 536 4296 tempore
559 4211 620 4290 (Ol.
646 4211 794 4294 70-80t
820 4210 922 4275 laetae
945 4214 1032 4292 sunt,
1060 4208 1137 4274 oerti
1166 4207 1245 4273 nihil
1273 4209 1338 4274 fere
1367 4207 1430 4274 diei

205 4328 316 4414 possit.
362 4327 549 4412 Priusquam
574 4333 677 4392 autem
702 4325 741 4390 ad
757 4325 896 4408 singulos
912 4325 1020 4390 titulos
1036 4325 1216 4390 tractandos
1234 4323 1428 4406 accedamus,

206 4443 287 4510 duae
311 4443 361 4508 r'es
385 4443 424 4509 de
447 4443 532 4509 omni
555 4442 614 4507 heo
638 4446 740 4507 aetate
761 4447 854 4506 antea
869 4440 1043 4506 monendae
1067 4445 1148 4504 sunt.
1195 4438 1336 4504 Primum
1360 4439 1429 4502 uni-

205 4579 329 4624 versam
353 4558 509 4624 scribendi
532 4559 685 4623 rationem
710 4557 748 4621 ad
773 4556 990 4642 perfectiorem
1014 4555 1146 4638 gradum
1177 4529 1362 4639 pervenisse¹
1382 4553 1428 4618 vi·
