<?xml version="1.0" encoding="UTF-8"?>
<!DOCTYPE html PUBLIC "-//W3C//DTD XHTML 1.0 Transitional//EN"
    "http://www.w3.org/TR/xhtml1/DTD/xhtml1-transitional.dtd">
<html xmlns="http://www.w3.org/1999/xhtml" xml:lang="en" lang="en">
 <head>
  <title>
</title>
<meta http-equiv="Content-Type" content="text/html;charset=utf-8" />
  <meta name='ocr-system' content='tesseract 3.04.00' />
  <meta name='ocr-capabilities' content='ocr_page ocr_carea ocr_par ocr_line ocrx_word'/>
</head>
<body>
  <div class='ocr_page' id='page_1' title='image "./historiaalphabe00schgoog_0025.png"; bbox 0 0 3488 5224; ppageno 0'>
   <div class='ocr_carea' id='block_1_1' title="bbox 799 395 838 458">
    <p class='ocr_par' dir='ltr' id='par_1_1' title="bbox 799 395 838 458">
     <span class='ocr_line' id='line_1_1' title="bbox 799 395 838 458; baseline 0.026 -1"><span class='ocrx_word' id='word_1_1' title='bbox 799 395 838 458; x_wconf 81' lang='lat'><strong>17</strong></span> 
     </span>
    </p>
   </div>
   <div class='ocr_carea' id='block_1_2' title="bbox 224 659 1347 748">
    <p class='ocr_par' dir='ltr' id='par_1_2' title="bbox 224 659 1347 748">
     <span class='ocr_line' id='line_1_2' title="bbox 224 659 1347 748; baseline 0.004 -26"><span class='ocrx_word' id='word_1_2' title='bbox 224 683 228 693; x_wconf 66' lang='grc'>’</span> <span class='ocrx_word' id='word_1_3' title='bbox 292 659 357 723; x_wconf 89' lang='lat' dir='ltr'><em>III.</em></span> <span class='ocrx_word' id='word_1_4' title='bbox 395 661 445 724; x_wconf 90' lang='lat' dir='ltr'><strong>De</strong></span> <span class='ocrx_word' id='word_1_5' title='bbox 469 661 672 745; x_wconf 72' lang='lat' dir='ltr'><strong>beatr‘opleico</strong></span> <span class='ocrx_word' id='word_1_6' title='bbox 696 665 857 747; x_wconf 72' lang='lat' dir='ltr'><strong>scriptura</strong></span> <span class='ocrx_word' id='word_1_7' title='bbox 880 675 909 726; x_wconf 85' lang='lat' dir='ltr'><strong>et</strong></span> <span class='ocrx_word' id='word_1_8' title='bbox 931 664 969 726; x_wconf 84' lang='lat' dir='ltr'><strong>de</strong></span> <span class='ocrx_word' id='word_1_9' title='bbox 992 685 1051 725; x_wconf 84' lang='lat' dir='ltr'><strong>aaa</strong></span> <span class='ocrx_word' id='word_1_10' title='bbox 1075 663 1194 748; x_wconf 86' lang='lat' dir='ltr'><strong>Koppa</strong></span> <span class='ocrx_word' id='word_1_11' title='bbox 1218 663 1347 726; x_wconf 74' lang='lat' dir='ltr'><em>litterae.</em></span> 
     </span>
    </p>
   </div>
   <div class='ocr_carea' id='block_1_3' title="bbox 190 799 1434 2047">
    <p class='ocr_par' dir='ltr' id='par_1_3' title="bbox 190 799 1434 2047">
     <span class='ocr_line' id='line_1_3' title="bbox 293 799 1432 890; baseline 0.004 -25"><span class='ocrx_word' id='word_1_12' title='bbox 293 799 498 866; x_wconf 81' lang='lat' dir='ltr'><strong>Pervenimus</strong></span> <span class='ocrx_word' id='word_1_13' title='bbox 527 803 625 884; x_wconf 88' lang='lat' dir='ltr'><strong>igitur</strong></span> <span class='ocrx_word' id='word_1_14' title='bbox 655 803 694 866; x_wconf 88' lang='lat' dir='ltr'><strong>ad</strong></span> <span class='ocrx_word' id='word_1_15' title='bbox 724 823 791 867; x_wconf 88' lang='lat' dir='ltr'><strong>earn</strong></span> <span class='ocrx_word' id='word_1_16' title='bbox 823 808 975 886; x_wconf 86' lang='lat' dir='ltr'><strong>aetatem,</strong></span> <span class='ocrx_word' id='word_1_17' title='bbox 1005 825 1067 886; x_wconf 86' lang='lat' dir='ltr'><strong>qua</strong></span> <span class='ocrx_word' id='word_1_18' title='bbox 1098 803 1256 888; x_wconf 86' lang='lat' dir='ltr'><strong>scriptura</strong></span> <span class='ocrx_word' id='word_1_19' title='bbox 1279 811 1432 890; x_wconf 71' lang='grc' dir='ltr'><strong><em>βουστρο-</em></strong></span> 
     </span>
     <span class='ocr_line' id='line_1_4' title="bbox 205 917 1432 1004; baseline 0.002 -22"><span class='ocrx_word' id='word_1_20' title='bbox 205 917 311 1003; x_wconf 78' lang='grc' dir='ltr'><em>φηδόν</em></span> <span class='ocrx_word' id='word_1_21' title='bbox 339 937 488 982; x_wconf 89' lang='lat' dir='ltr'><strong>conversa</strong></span> <span class='ocrx_word' id='word_1_22' title='bbox 516 918 549 983; x_wconf 93' lang='lat' dir='ltr'><strong>in</strong></span> <span class='ocrx_word' id='word_1_23' title='bbox 578 939 637 982; x_wconf 88' lang='lat' dir='ltr'><strong>usu</strong></span> <span class='ocrx_word' id='word_1_24' title='bbox 667 927 743 983; x_wconf 89' lang='lat' dir='ltr'><strong>erat.</strong></span> <span class='ocrx_word' id='word_1_25' title='bbox 788 918 850 984; x_wconf 85' lang='lat' dir='ltr'><strong>Sed</strong></span> <span class='ocrx_word' id='word_1_26' title='bbox 879 919 1063 1003; x_wconf 79' lang='lat' dir='ltr'>priusquam</span> <span class='ocrx_word' id='word_1_27' title='bbox 1095 921 1181 1004; x_wconf 91' lang='lat' dir='ltr'><strong>ipsos</strong></span> <span class='ocrx_word' id='word_1_28' title='bbox 1204 920 1296 1002; x_wconf 89' lang='lat' dir='ltr'><strong>hujus</strong></span> <span class='ocrx_word' id='word_1_29' title='bbox 1320 921 1432 985; x_wconf 86' lang='lat' dir='ltr'><strong>aetatis</strong></span> 
     </span>
     <span class='ocr_line' id='line_1_5' title="bbox 204 1032 1432 1120; baseline 0.002 -23"><span class='ocrx_word' id='word_1_30' title='bbox 204 1032 313 1097; x_wconf 89' lang='lat' dir='ltr'><strong>titulos</strong></span> <span class='ocrx_word' id='word_1_31' title='bbox 337 1034 581 1116; x_wconf 88' lang='lat' dir='ltr'><strong>consideremus,</strong></span> <span class='ocrx_word' id='word_1_32' title='bbox 606 1040 700 1099; x_wconf 88' lang='lat' dir='ltr'><strong>antea</strong></span> <span class='ocrx_word' id='word_1_33' title='bbox 723 1055 823 1120; x_wconf 90' lang='lat' dir='ltr'><strong>pauca</strong></span> <span class='ocrx_word' id='word_1_34' title='bbox 846 1034 902 1099; x_wconf 90' lang='lat' dir='ltr'><strong>illa</strong></span> <span class='ocrx_word' id='word_1_35' title='bbox 923 1035 1108 1119; x_wconf 81' lang='lat' dir='ltr'><strong>exponenda</strong></span> <span class='ocrx_word' id='word_1_36' title='bbox 1124 1041 1207 1118; x_wconf 90' lang='lat' dir='ltr'><strong>sunt,</strong></span> <span class='ocrx_word' id='word_1_37' title='bbox 1232 1056 1311 1120; x_wconf 87' lang='lat' dir='ltr'><strong>quae</strong></span> <span class='ocrx_word' id='word_1_38' title='bbox 1328 1034 1366 1100; x_wconf 92' lang='lat' dir='ltr'><strong>de</strong></span> <span class='ocrx_word' id='word_1_39' title='bbox 1381 1057 1432 1100; x_wconf 89' lang='lat' dir='ltr'><strong>ra-</strong></span> 
     </span>
     <span class='ocr_line' id='line_1_6' title="bbox 206 1149 1432 1236; baseline 0.002 -23"><span class='ocrx_word' id='word_1_40' title='bbox 206 1149 290 1214; x_wconf 90' lang='lat' dir='ltr'><strong>tione</strong></span> <span class='ocrx_word' id='word_1_41' title='bbox 324 1154 416 1232; x_wconf 90' lang='lat' dir='ltr'><strong>atque</strong></span> <span class='ocrx_word' id='word_1_42' title='bbox 445 1171 504 1214; x_wconf 92' lang='lat' dir='ltr'><strong>usu</strong></span> <span class='ocrx_word' id='word_1_43' title='bbox 534 1151 617 1214; x_wconf 91' lang='lat' dir='ltr'><strong>illius</strong></span> <span class='ocrx_word' id='word_1_44' title='bbox 646 1151 821 1235; x_wconf 82' lang='lat' dir='ltr'><strong>scripturae</strong></span> <span class='ocrx_word' id='word_1_45' title='bbox 849 1151 975 1214; x_wconf 90' lang='lat' dir='ltr'><strong>omnino</strong></span> <span class='ocrx_word' id='word_1_46' title='bbox 1000 1158 1133 1235; x_wconf 76' lang='lat' dir='ltr'>possunt</span> <span class='ocrx_word' id='word_1_47' title='bbox 1156 1151 1291 1235; x_wconf 82' lang='lat' dir='ltr'><strong>perspici</strong></span> <span class='ocrx_word' id='word_1_48' title='bbox 1316 1170 1352 1216; x_wconf 89' lang='lat' dir='ltr'><strong>ac</strong></span> <span class='ocrx_word' id='word_1_49' title='bbox 1376 1172 1432 1236; x_wconf 91' lang='lat' dir='ltr'><strong>pro</strong></span> 
     </span>
     <span class='ocr_line' id='line_1_7' title="bbox 206 1259 1432 1351; baseline 0.003 -23"><span class='ocrx_word' id='word_1_50' title='bbox 206 1271 291 1330; x_wconf 90' lang='lat' dir='ltr'><strong>certo</strong></span> <span class='ocrx_word' id='word_1_51' title='bbox 319 1265 438 1331; x_wconf 86' lang='lat' dir='ltr'><strong>haberi.</strong></span> <span class='ocrx_word' id='word_1_52' title='bbox 480 1266 589 1331; x_wconf 87' lang='lat' dir='ltr'><strong>Aede</strong></span> <span class='ocrx_word' id='word_1_53' title='bbox 613 1267 720 1331; x_wconf 89' lang='lat' dir='ltr'><strong>Attico</strong></span> <span class='ocrx_word' id='word_1_54' title='bbox 744 1267 868 1351; x_wconf 90' lang='lat' dir='ltr'><strong>quidem</strong></span> <span class='ocrx_word' id='word_1_55' title='bbox 893 1289 952 1332; x_wconf 89' lang='lat' dir='ltr'><strong>usu</strong></span> <span class='ocrx_word' id='word_1_56' title='bbox 976 1259 1127 1333; x_wconf 77' lang='lat' dir='ltr'><strong>t&#39;raditum</strong></span> <span class='ocrx_word' id='word_1_57' title='bbox 1152 1275 1214 1349; x_wconf 88' lang='lat' dir='ltr'><strong>est,</strong></span> <span class='ocrx_word' id='word_1_58' title='bbox 1244 1267 1328 1349; x_wconf 90' lang='lat' dir='ltr'><strong>leges</strong></span> <span class='ocrx_word' id='word_1_59' title='bbox 1351 1267 1432 1350; x_wconf 87' lang='lat' dir='ltr'><strong>illas,</strong></span> 
     </span>
     <span class='ocr_line' id='line_1_8' title="bbox 208 1381 1433 1470; baseline 0.001 -25"><span class='ocrx_word' id='word_1_60' title='bbox 208 1400 285 1465; x_wconf 90' lang='lat' dir='ltr'><strong>quas</strong></span> <span class='ocrx_word' id='word_1_61' title='bbox 304 1401 400 1446; x_wconf 49' lang='lat' dir='ltr'><strong>&#39;anno</strong></span> <span class='ocrx_word' id='word_1_62' title='bbox 435 1381 482 1446; x_wconf 92' lang='grc'><strong>01.</strong></span> <span class='ocrx_word' id='word_1_63' title='bbox 505 1383 566 1464; x_wconf 82' lang='lat'><strong>46,</strong></span> <span class='ocrx_word' id='word_1_64' title='bbox 597 1383 616 1446; x_wconf 89' lang='lat'><strong>3</strong></span> <span class='ocrx_word' id='word_1_65' title='bbox 646 1383 857 1466; x_wconf 84' lang='lat' dir='ltr'><strong>promulgavit</strong></span> <span class='ocrx_word' id='word_1_66' title='bbox 885 1382 995 1466; x_wconf 87' lang='lat' dir='ltr'><strong>Solon,</strong></span> <span class='ocrx_word' id='word_1_67' title='bbox 1030 1384 1270 1470; x_wconf 80' lang='grc' dir='ltr'><em>βουστροφηδόν</em></span> <span class='ocrx_word' id='word_1_68' title='bbox 1300 1383 1433 1467; x_wconf 87' lang='lat' dir='ltr'><strong>scriptas</strong></span> 
     </span>
     <span class='ocr_line' id='line_1_9' title="bbox 206 1497 1432 1582; baseline 0.002 -21"><span class='ocrx_word' id='word_1_69' title='bbox 206 1497 317 1580; x_wconf 86' lang='lat' dir='ltr'><strong>fnisse,</strong></span> <span class='ocrx_word' id='word_1_70' title='bbox 353 1497 451 1580; x_wconf 90' lang='lat' dir='ltr'><strong>quod,</strong></span> <span class='ocrx_word' id='word_1_71' title='bbox 486 1517 541 1563; x_wconf 92' lang='lat' dir='ltr'><strong>cur</strong></span> <span class='ocrx_word' id='word_1_72' title='bbox 574 1498 606 1562; x_wconf 91' lang='lat' dir='ltr'><strong>in</strong></span> <span class='ocrx_word' id='word_1_73' title='bbox 636 1498 764 1563; x_wconf 89' lang='lat' dir='ltr'><strong>dubium</strong></span> <span class='ocrx_word' id='word_1_74' title='bbox 800 1506 942 1582; x_wconf 89' lang='lat' dir='ltr'><strong>vocetur,</strong></span> <span class='ocrx_word' id='word_1_75' title='bbox 978 1499 1065 1564; x_wconf 91' lang='lat' dir='ltr'><strong>nulla</strong></span> <span class='ocrx_word' id='word_1_76' title='bbox 1094 1499 1220 1564; x_wconf 91' lang='lat' dir='ltr'><strong>omnino</strong></span> <span class='ocrx_word' id='word_1_77' title='bbox 1250 1506 1298 1565; x_wconf 90' lang='lat' dir='ltr'><strong>cst</strong></span> <span class='ocrx_word' id='word_1_78' title='bbox 1329 1520 1432 1565; x_wconf 88' lang='lat' dir='ltr'><strong>eausa.</strong></span> 
     </span>
     <span class='ocr_line' id='line_1_10' title="bbox 205 1613 1433 1698; baseline 0.002 -21"><span class='ocrx_word' id='word_1_79' title='bbox 205 1613 314 1697; x_wconf 85' lang='lat' dir='ltr'><strong>Itaque</strong></span> <span class='ocrx_word' id='word_1_80' title='bbox 347 1613 487 1678; x_wconf 80' lang='lat' dir='ltr'><strong>conicere</strong></span> <span class='ocrx_word' id='word_1_81' title='bbox 521 1633 687 1698; x_wconf 86' lang='lat' dir='ltr'><strong>possumus</strong></span> <span class='ocrx_word' id='word_1_82' title='bbox 717 1615 907 1698; x_wconf 75' lang='lat' dir='ltr'><strong>scripturam</strong></span> <span class='ocrx_word' id='word_1_83' title='bbox 935 1615 1022 1679; x_wconf 86' lang='lat' dir='ltr'><strong>illam</strong></span> <span class='ocrx_word' id='word_1_84' title='bbox 1053 1613 1175 1679; x_wconf 87' lang='lat' dir='ltr'><strong>Solonis</strong></span> <span class='ocrx_word' id='word_1_85' title='bbox 1208 1621 1310 1681; x_wconf 87' lang='lat' dir='ltr'><strong>aetate</strong></span> <span class='ocrx_word' id='word_1_86' title='bbox 1331 1615 1433 1698; x_wconf 63' lang='lat' dir='ltr'><strong>vvulgo</strong></span> 
     </span>
     <span class='ocr_line' id='line_1_11' title="bbox 190 1728 1433 1817; baseline 0.002 -23"><span class='ocrx_word' id='word_1_87' title='bbox 190 1730 302 1795; x_wconf 77' lang='lat' dir='ltr'><strong>tuisse</strong></span> <span class='ocrx_word' id='word_1_88' title='bbox 326 1731 484 1795; x_wconf 88' lang='lat' dir='ltr'><strong>usitatam.</strong></span> <span class='ocrx_word' id='word_1_89' title='bbox 523 1728 584 1794; x_wconf 87' lang='lat' dir='ltr'><strong>Sed</strong></span> <span class='ocrx_word' id='word_1_90' title='bbox 608 1729 659 1794; x_wconf 93' lang='lat' dir='ltr'><strong>hic</strong></span> <span class='ocrx_word' id='word_1_91' title='bbox 682 1751 756 1795; x_wconf 92' lang='lat' dir='ltr'><strong>usus</strong></span> <span class='ocrx_word' id='word_1_92' title='bbox 779 1730 864 1795; x_wconf 92' lang='lat' dir='ltr'><strong>nullo</strong></span> <span class='ocrx_word' id='word_1_93' title='bbox 889 1738 1030 1814; x_wconf 88' lang='lat' dir='ltr'><strong>ternpore</strong></span> <span class='ocrx_word' id='word_1_94' title='bbox 1053 1731 1136 1815; x_wconf 88' lang='lat' dir='ltr'><strong>apud</strong></span> <span class='ocrx_word' id='word_1_95' title='bbox 1161 1729 1296 1796; x_wconf 87' lang='lat' dir='ltr'><strong>Graecos</strong></span> <span class='ocrx_word' id='word_1_96' title='bbox 1321 1731 1433 1817; x_wconf 90' lang='lat' dir='ltr'><strong>plenus</strong></span> 
     </span>
     <span class='ocr_line' id='line_1_12' title="bbox 208 1845 1434 1933; baseline 0.001 -23"><span class='ocrx_word' id='word_1_97' title='bbox 208 1851 239 1910; x_wconf 88' lang='lat' dir='ltr'><strong>et</strong></span> <span class='ocrx_word' id='word_1_98' title='bbox 265 1851 411 1910; x_wconf 89' lang='lat' dir='ltr'><strong>constans</strong></span> <span class='ocrx_word' id='word_1_99' title='bbox 443 1845 512 1910; x_wconf 85' lang='lat' dir='ltr'><strong>fuit.</strong></span> <span class='ocrx_word' id='word_1_100' title='bbox 559 1845 602 1910; x_wconf 91' lang='lat' dir='ltr'><strong>Ut</strong></span> <span class='ocrx_word' id='word_1_101' title='bbox 633 1845 892 1933; x_wconf 82' lang='lat' dir='ltr'><strong>exemploutar,</strong></span> <span class='ocrx_word' id='word_1_102' title='bbox 927 1845 1028 1910; x_wconf 90' lang='lat' dir='ltr'><strong>titulis</strong></span> <span class='ocrx_word' id='word_1_103' title='bbox 1058 1847 1184 1930; x_wconf 89' lang='lat' dir='ltr'><strong>quidem</strong></span> <span class='ocrx_word' id='word_1_104' title='bbox 1211 1845 1344 1930; x_wconf 81' lang='lat' dir='ltr'><strong>ionicis,</strong></span> <span class='ocrx_word' id='word_1_105' title='bbox 1381 1847 1434 1930; x_wconf 88' lang='lat' dir='ltr'><strong>qui</strong></span> 
     </span>
     <span class='ocr_line' id='line_1_13' title="bbox 208 1960 1431 2047; baseline 0.002 -21"><span class='ocrx_word' id='word_1_106' title='bbox 208 1968 296 2026; x_wconf 82' lang='lat' dir='ltr'><strong>sexto</strong></span> <span class='ocrx_word' id='word_1_107' title='bbox 325 1960 448 2042; x_wconf 83' lang='lat' dir='ltr'><strong>saeculo</strong></span> <span class='ocrx_word' id='word_1_108' title='bbox 478 1961 643 2046; x_wconf 83' lang='lat' dir='ltr'><strong>compositi</strong></span> <span class='ocrx_word' id='word_1_109' title='bbox 667 1968 754 2044; x_wconf 92' lang='lat' dir='ltr'><strong>sunt,</strong></span> <span class='ocrx_word' id='word_1_110' title='bbox 785 1962 862 2027; x_wconf 87' lang='lat' dir='ltr'><strong>satis</strong></span> <span class='ocrx_word' id='word_1_111' title='bbox 887 1961 1036 2046; x_wconf 87' lang='lat' dir='ltr'><strong>probatur</strong></span> <span class='ocrx_word' id='word_1_112' title='bbox 1061 1962 1118 2027; x_wconf 90' lang='lat' dir='ltr'><strong>hoc</strong></span> <span class='ocrx_word' id='word_1_113' title='bbox 1142 1971 1282 2047; x_wconf 87' lang='lat' dir='ltr'><strong>tempore</strong></span> <span class='ocrx_word' id='word_1_114' title='bbox 1308 1963 1431 2029; x_wconf 86' lang='lat' dir='ltr'><strong>bustru-</strong></span> 
     </span>
    </p>
   </div>
   <div class='ocr_carea' id='block_1_4' title="bbox 207 2075 1550 2162">
    <p class='ocr_par' dir='ltr' id='par_1_4' title="bbox 207 2075 1550 2162">
     <span class='ocr_line' id='line_1_14' title="bbox 207 2075 1550 2162; baseline 0.003 -22"><span class='ocrx_word' id='word_1_115' title='bbox 207 2077 330 2162; x_wconf 89' lang='lat' dir='ltr'><strong>phicam</strong></span> <span class='ocrx_word' id='word_1_116' title='bbox 359 2078 547 2162; x_wconf 83' lang='lat' dir='ltr'><strong>scripturam</strong></span> <span class='ocrx_word' id='word_1_117' title='bbox 571 2078 860 2161; x_wconf 86' lang='lat' dir='ltr'><strong>frequentissimum</strong></span> <span class='ocrx_word' id='word_1_118' title='bbox 884 2098 974 2142; x_wconf 90' lang='lat' dir='ltr'><strong>usum</strong></span> <span class='ocrx_word' id='word_1_119' title='bbox 1000 2075 1193 2158; x_wconf 84' lang='lat' dir='ltr'><strong>habuisse¹);</strong></span> <span class='ocrx_word' id='word_1_120' title='bbox 1225 2085 1364 2144; x_wconf 88' lang='lat' dir='ltr'><strong>attamen</strong></span> <span class='ocrx_word' id='word_1_121' title='bbox 1388 2079 1434 2144; x_wconf 92' lang='lat' dir='ltr'><strong>illi</strong></span> <span class='ocrx_word' id='word_1_122' title='bbox 1549 2125 1550 2128; x_wconf 63' lang='lat'><strong>,</strong></span> 
     </span>
    </p>
   </div>
   <div class='ocr_carea' id='block_1_5' title="bbox 207 2192 1562 4364">
    <p class='ocr_par' dir='ltr' id='par_1_5' title="bbox 208 2192 1436 2858">
     <span class='ocr_line' id='line_1_15' title="bbox 208 2192 1435 2280; baseline 0.002 -23"><span class='ocrx_word' id='word_1_123' title='bbox 208 2193 342 2258; x_wconf 88' lang='lat' dir='ltr'><strong>militum</strong></span> <span class='ocrx_word' id='word_1_124' title='bbox 360 2194 622 2259; x_wconf 88' lang='lat' dir='ltr'><strong>mercenariorum</strong></span> <span class='ocrx_word' id='word_1_125' title='bbox 642 2193 736 2275; x_wconf 88' lang='lat' dir='ltr'><strong>tituli,</strong></span> <span class='ocrx_word' id='word_1_126' title='bbox 762 2194 814 2277; x_wconf 92' lang='lat' dir='ltr'><strong>qui</strong></span> <span class='ocrx_word' id='word_1_127' title='bbox 831 2194 903 2258; x_wconf 84' lang='lat' dir='ltr'><strong>Abu</strong></span> <span class='ocrx_word' id='word_1_128' title='bbox 921 2192 1039 2258; x_wconf 87' lang='lat' dir='ltr'><strong>Simbel</strong></span> <span class='ocrx_word' id='word_1_129' title='bbox 1054 2194 1172 2278; x_wconf 86' lang='lat' dir='ltr'><strong>reperti</strong></span> <span class='ocrx_word' id='word_1_130' title='bbox 1189 2201 1271 2277; x_wconf 84' lang='lat' dir='ltr'><strong>sunt,</strong></span> <span class='ocrx_word' id='word_1_131' title='bbox 1296 2216 1435 2280; x_wconf 86' lang='lat' dir='ltr'><strong>quosque</strong></span> 
     </span>
     <span class='ocr_line' id='line_1_16' title="bbox 208 2308 1435 2394; baseline 0.002 -20"><span class='ocrx_word' id='word_1_132' title='bbox 208 2315 291 2375; x_wconf 77' lang='lat' dir='ltr'><strong>certe</strong></span> <span class='ocrx_word' id='word_1_133' title='bbox 318 2310 454 2394; x_wconf 90' lang='lat' dir='ltr'><strong>septimo</strong></span> <span class='ocrx_word' id='word_1_134' title='bbox 485 2309 625 2390; x_wconf 84' lang='lat' dir='ltr'><strong>saeculo,</strong></span> <span class='ocrx_word' id='word_1_135' title='bbox 655 2310 788 2374; x_wconf 87' lang='lat' dir='ltr'><strong>fortasse</strong></span> <span class='ocrx_word' id='word_1_136' title='bbox 818 2308 865 2374; x_wconf 89' lang='grc'><strong>01.</strong></span> <span class='ocrx_word' id='word_1_137' title='bbox 883 2311 942 2390; x_wconf 83' lang='grc'><strong>40,</strong></span> <span class='ocrx_word' id='word_1_138' title='bbox 974 2314 1119 2374; x_wconf 82' lang='lat' dir='ltr'><strong>exaratos</strong></span> <span class='ocrx_word' id='word_1_139' title='bbox 1147 2329 1231 2392; x_wconf 89' lang='lat' dir='ltr'><strong>esse,</strong></span> <span class='ocrx_word' id='word_1_140' title='bbox 1261 2310 1435 2376; x_wconf 87' lang='lat' dir='ltr'><strong>clarissime</strong></span> 
     </span>
     <span class='ocr_line' id='line_1_17' title="bbox 209 2422 1433 2508; baseline 0.001 -18"><span class='ocrx_word' id='word_1_141' title='bbox 209 2425 346 2491; x_wconf 91' lang='lat' dir='ltr'><strong>ostendit</strong></span> <span class='ocrx_word' id='word_1_142' title='bbox 355 2424 565 2490; x_wconf 86' lang='lat' dir='ltr'><strong>Kirohholfius</strong></span> <span class='ocrx_word' id='word_1_143' title='bbox 574 2422 596 2503; x_wconf 82' lang='lat'><strong>²)</strong></span> <span class='ocrx_word' id='word_1_144' title='bbox 614 2425 787 2491; x_wconf 87' lang='lat' dir='ltr'><strong>recentiore</strong></span> <span class='ocrx_word' id='word_1_145' title='bbox 803 2425 960 2508; x_wconf 88' lang='lat' dir='ltr'><strong>scriptura</strong></span> <span class='ocrx_word' id='word_1_146' title='bbox 976 2445 994 2489; x_wconf 94' lang='lat' dir='ltr'><strong>a</strong></span> <span class='ocrx_word' id='word_1_147' title='bbox 1011 2425 1139 2491; x_wconf 88' lang='lat' dir='ltr'><strong>sinistra</strong></span> <span class='ocrx_word' id='word_1_148' title='bbox 1154 2426 1281 2491; x_wconf 88' lang='lat' dir='ltr'><strong>ineunte</strong></span> <span class='ocrx_word' id='word_1_149' title='bbox 1293 2431 1433 2491; x_wconf 89' lang='lat' dir='ltr'><strong>utuntur.</strong></span> 
     </span>
     <span class='ocr_line' id='line_1_18' title="bbox 209 2527 1436 2627; baseline 0.001 -22"><span class='ocrx_word' id='word_1_150' title='bbox 209 2527 422 2627; x_wconf 49' lang='lat' dir='ltr'><strong>Ac&#39;tempore</strong></span> <span class='ocrx_word' id='word_1_151' title='bbox 445 2547 509 2606; x_wconf 90' lang='lat' dir='ltr'><strong>tam</strong></span> <span class='ocrx_word' id='word_1_152' title='bbox 536 2547 658 2607; x_wconf 85' lang='lat' dir='ltr'><strong>vetusto</strong></span> <span class='ocrx_word' id='word_1_153' title='bbox 682 2546 838 2606; x_wconf 85' lang='lat' dir='ltr'><strong>vetustam</strong></span> <span class='ocrx_word' id='word_1_154' title='bbox 863 2541 948 2604; x_wconf 90' lang='lat' dir='ltr'><strong>illam</strong></span> <span class='ocrx_word' id='word_1_155' title='bbox 974 2543 1163 2626; x_wconf 89' lang='lat' dir='ltr'><strong>scripturam</strong></span> <span class='ocrx_word' id='word_1_156' title='bbox 1187 2563 1250 2607; x_wconf 94' lang='lat' dir='ltr'><strong>non</strong></span> <span class='ocrx_word' id='word_1_157' title='bbox 1273 2548 1379 2607; x_wconf 89' lang='lat' dir='ltr'><strong>notam</strong></span> <span class='ocrx_word' id='word_1_158' title='bbox 1405 2548 1436 2608; x_wconf 89' lang='lat' dir='ltr'><strong>et</strong></span> 
     </span>
     <span class='ocr_line' id='line_1_19' title="bbox 210 2657 1436 2743; baseline 0.001 -22"><span class='ocrx_word' id='word_1_159' title='bbox 210 2659 359 2723; x_wconf 87' lang='lat' dir='ltr'><strong>usitatam</strong></span> <span class='ocrx_word' id='word_1_160' title='bbox 384 2659 498 2740; x_wconf 84' lang='lat' dir='ltr'><strong>fuisse,</strong></span> <span class='ocrx_word' id='word_1_161' title='bbox 524 2658 646 2743; x_wconf 89' lang='lat' dir='ltr'><strong>opinari</strong></span> <span class='ocrx_word' id='word_1_162' title='bbox 671 2678 733 2722; x_wconf 92' lang='lat' dir='ltr'><strong>non</strong></span> <span class='ocrx_word' id='word_1_163' title='bbox 757 2678 935 2742; x_wconf 88' lang='lat' dir='ltr'><strong>possumus,</strong></span> <span class='ocrx_word' id='word_1_164' title='bbox 959 2677 1028 2722; x_wconf 88' lang='lat' dir='ltr'><strong>eum</strong></span> <span class='ocrx_word' id='word_1_165' title='bbox 1055 2657 1163 2722; x_wconf 87' lang='lat' dir='ltr'><strong>eadem</strong></span> <span class='ocrx_word' id='word_1_166' title='bbox 1187 2659 1258 2743; x_wconf 87' lang='lat' dir='ltr'><strong>ipse</strong></span> <span class='ocrx_word' id='word_1_167' title='bbox 1280 2658 1436 2742; x_wconf 87' lang='lat' dir='ltr'><strong>scriptura</strong></span> 
     </span>
     <span class='ocr_line' id='line_1_20' title="bbox 209 2774 1084 2858; baseline 0.001 -20"><span class='ocrx_word' id='word_1_168' title='bbox 209 2779 350 2858; x_wconf 90' lang='lat' dir='ltr'><strong>ternpore</strong></span> <span class='ocrx_word' id='word_1_169' title='bbox 374 2775 473 2855; x_wconf 85' lang='lat' dir='ltr'><strong>nrulto</strong></span> <span class='ocrx_word' id='word_1_170' title='bbox 498 2775 615 2840; x_wconf 85' lang='lat' dir='ltr'><strong>seriore</strong></span> <span class='ocrx_word' id='word_1_171' title='bbox 639 2774 777 2856; x_wconf 84' lang='lat' dir='ltr'><strong>vulgaris</strong></span> <span class='ocrx_word' id='word_1_172' title='bbox 801 2775 905 2839; x_wconf 89' lang='lat' dir='ltr'><strong>fuerit.</strong></span> <span class='ocrx_word' id='word_1_173' title='bbox 1081 2842 1084 2849; x_wconf 74' lang='grc'><strong>,</strong></span> 
     </span>
    </p>

    <p class='ocr_par' dir='ltr' id='par_1_6' title="bbox 207 2878 1562 4364">
     <span class='ocr_line' id='line_1_21' title="bbox 297 2878 1562 2977; baseline -0.002 -23"><span class='ocrx_word' id='word_1_174' title='bbox 297 2889 396 2956; x_wconf 90' lang='lat' dir='ltr'><strong>Immo</strong></span> <span class='ocrx_word' id='word_1_175' title='bbox 427 2912 499 2956; x_wconf 88' lang='lat' dir='ltr'><strong>vero</strong></span> <span class='ocrx_word' id='word_1_176' title='bbox 524 2892 611 2977; x_wconf 87' lang='lat' dir='ltr'><strong>ipsos</strong></span> <span class='ocrx_word' id='word_1_177' title='bbox 634 2891 705 2955; x_wconf 88' lang='lat' dir='ltr'><strong>illos</strong></span> <span class='ocrx_word' id='word_1_178' title='bbox 730 2891 957 2970; x_wconf 85' lang='lat' dir='ltr'><strong>mercenarios,</strong></span> <span class='ocrx_word' id='word_1_179' title='bbox 988 2890 1142 2974; x_wconf 87' lang='lat' dir='ltr'><strong>aquibus</strong></span> <span class='ocrx_word' id='word_1_180' title='bbox 1167 2888 1249 2953; x_wconf 91' lang='lat' dir='ltr'><strong>tituli</strong></span> <span class='ocrx_word' id='word_1_181' title='bbox 1273 2887 1320 2953; x_wconf 89' lang='lat' dir='ltr'><strong>illi</strong></span> <span class='ocrx_word' id='word_1_182' title='bbox 1344 2888 1435 2954; x_wconf 88' lang='lat' dir='ltr'><strong>incisi</strong></span> <span class='ocrx_word' id='word_1_183' title='bbox 1511 2878 1513 2882; x_wconf 62' lang='grc'><strong>’</strong></span> <span class='ocrx_word' id='word_1_184' title='bbox 1559 2903 1562 2910; x_wconf 89' lang='grc'><em>·</em></span> 
     </span>
     <span class='ocr_line' id='line_1_22' title="bbox 208 2997 1436 3092; baseline -0.001 -21"><span class='ocrx_word' id='word_1_185' title='bbox 208 3012 291 3090; x_wconf 84' lang='lat' dir='ltr'><strong>sunt,</strong></span> <span class='ocrx_word' id='word_1_186' title='bbox 316 3000 549 3092; x_wconf 87' lang='lat' dir='ltr'><strong>bustrophicam</strong></span> <span class='ocrx_word' id='word_1_187' title='bbox 567 3008 763 3092; x_wconf 88' lang='lat' dir='ltr'><strong>scripturam</strong></span> <span class='ocrx_word' id='word_1_188' title='bbox 789 3007 871 3072; x_wconf 91' lang='lat' dir='ltr'><strong>haud</strong></span> <span class='ocrx_word' id='word_1_189' title='bbox 895 2997 1057 3088; x_wconf 82' lang='lat' dir='ltr'><strong>ignorasse</strong></span> <span class='ocrx_word' id='word_1_190' title='bbox 1082 3027 1119 3070; x_wconf 81' lang='lat' dir='ltr'><strong>er</strong></span> <span class='ocrx_word' id='word_1_191' title='bbox 1137 3026 1197 3070; x_wconf 92' lang='lat' dir='ltr'><strong>uno</strong></span> <span class='ocrx_word' id='word_1_192' title='bbox 1214 3001 1336 3084; x_wconf 85' lang='lat' dir='ltr'><strong>titulo³)</strong></span> <span class='ocrx_word' id='word_1_193' title='bbox 1353 3005 1436 3070; x_wconf 86' lang='lat' dir='ltr'><strong>clare</strong></span> 
     </span>
     <span class='ocr_line' id='line_1_23' title="bbox 207 3120 1436 3208; baseline 0 -22"><span class='ocrx_word' id='word_1_194' title='bbox 207 3121 404 3205; x_wconf 78' lang='lat' dir='ltr'><strong>intelligitur,</strong></span> <span class='ocrx_word' id='word_1_195' title='bbox 429 3145 522 3208; x_wconf 89' lang='lat' dir='ltr'><strong>quam</strong></span> <span class='ocrx_word' id='word_1_196' title='bbox 548 3123 586 3188; x_wconf 92' lang='lat' dir='ltr'><strong>ob</strong></span> <span class='ocrx_word' id='word_1_197' title='bbox 610 3144 676 3188; x_wconf 89' lang='lat' dir='ltr'><strong>rem</strong></span> <span class='ocrx_word' id='word_1_198' title='bbox 701 3123 917 3188; x_wconf 89' lang='lat' dir='ltr'><strong>coniciendum</strong></span> <span class='ocrx_word' id='word_1_199' title='bbox 934 3129 981 3187; x_wconf 87' lang='lat' dir='ltr'><strong>est</strong></span> <span class='ocrx_word' id='word_1_200' title='bbox 997 3143 1071 3186; x_wconf 87' lang='lat' dir='ltr'><strong>casu</strong></span> <span class='ocrx_word' id='word_1_201' title='bbox 1086 3127 1210 3185; x_wconf 89' lang='lat' dir='ltr'><strong>tanturn</strong></span> <span class='ocrx_word' id='word_1_202' title='bbox 1227 3121 1292 3185; x_wconf 84' lang='lat' dir='ltr'><strong>sive</strong></span> <span class='ocrx_word' id='word_1_203' title='bbox 1308 3120 1436 3186; x_wconf 88' lang='lat' dir='ltr'><strong>licentia</strong></span> 
     </span>
     <span class='ocr_line' id='line_1_24' title="bbox 209 3236 1433 3324; baseline -0.002 -21"><span class='ocrx_word' id='word_1_204' title='bbox 209 3238 289 3305; x_wconf 91' lang='lat' dir='ltr'><strong>hano</strong></span> <span class='ocrx_word' id='word_1_205' title='bbox 319 3241 509 3324; x_wconf 88' lang='lat' dir='ltr'><strong>scripturam</strong></span> <span class='ocrx_word' id='word_1_206' title='bbox 535 3240 573 3304; x_wconf 91' lang='lat' dir='ltr'><strong>ad</strong></span> <span class='ocrx_word' id='word_1_207' title='bbox 599 3244 717 3304; x_wconf 87' lang='lat' dir='ltr'><strong>eeteros</strong></span> <span class='ocrx_word' id='word_1_208' title='bbox 741 3239 850 3304; x_wconf 91' lang='lat' dir='ltr'><strong>titulos</strong></span> <span class='ocrx_word' id='word_1_209' title='bbox 874 3239 1049 3303; x_wconf 84' lang='lat' dir='ltr'><strong>exarandus</strong></span> <span class='ocrx_word' id='word_1_210' title='bbox 1072 3257 1135 3301; x_wconf 93' lang='lat' dir='ltr'><strong>non</strong></span> <span class='ocrx_word' id='word_1_211' title='bbox 1160 3256 1227 3302; x_wconf 89' lang='lat' dir='ltr'><strong>esso</strong></span> <span class='ocrx_word' id='word_1_212' title='bbox 1252 3236 1433 3302; x_wconf 89' lang='lat' dir='ltr'><strong>adhibitam.</strong></span> 
     </span>
     <span class='ocr_line' id='line_1_25' title="bbox 207 3350 1473 3438; baseline -0.005 -18"><span class='ocrx_word' id='word_1_213' title='bbox 207 3355 273 3420; x_wconf 89' lang='lat' dir='ltr'><strong>Nee</strong></span> <span class='ocrx_word' id='word_1_214' title='bbox 302 3356 406 3421; x_wconf 92' lang='lat' dir='ltr'><strong>minus</strong></span> <span class='ocrx_word' id='word_1_215' title='bbox 435 3355 518 3420; x_wconf 92' lang='lat' dir='ltr'><strong>tituli</strong></span> <span class='ocrx_word' id='word_1_216' title='bbox 548 3355 696 3436; x_wconf 87' lang='lat' dir='ltr'><strong>Theraei,</strong></span> <span class='ocrx_word' id='word_1_217' title='bbox 727 3356 779 3438; x_wconf 91' lang='lat' dir='ltr'><strong>qui</strong></span> <span class='ocrx_word' id='word_1_218' title='bbox 808 3355 948 3419; x_wconf 90' lang='lat' dir='ltr'><strong>omnium</strong></span> <span class='ocrx_word' id='word_1_219' title='bbox 980 3353 1142 3418; x_wconf 89' lang='lat' dir='ltr'><strong>titulorum</strong></span> <span class='ocrx_word' id='word_1_220' title='bbox 1167 3350 1357 3417; x_wconf 83' lang='lat' dir='ltr'><strong>Graecorum</strong></span> <span class='ocrx_word' id='word_1_221' title='bbox 1383 3374 1435 3418; x_wconf 89' lang='lat' dir='ltr'><strong>ve·</strong></span> <span class='ocrx_word' id='word_1_222' title='bbox 1470 3410 1473 3414; x_wconf 86' lang='lat'>.</span> 
     </span>
     <span class='ocr_line' id='line_1_26' title="bbox 208 3455 1523 3555; baseline -0.002 -19"><span class='ocrx_word' id='word_1_223' title='bbox 208 3471 375 3536; x_wconf 91' lang='lat' dir='ltr'><strong>tustissimi</strong></span> <span class='ocrx_word' id='word_1_224' title='bbox 405 3478 493 3554; x_wconf 86' lang='lat' dir='ltr'><strong>sunt,</strong></span> <span class='ocrx_word' id='word_1_225' title='bbox 529 3472 621 3536; x_wconf 91' lang='lat' dir='ltr'><strong>modo</strong></span> <span class='ocrx_word' id='word_1_226' title='bbox 652 3493 670 3536; x_wconf 90' lang='lat' dir='ltr'><strong>a</strong></span> <span class='ocrx_word' id='word_1_227' title='bbox 699 3471 844 3551; x_wconf 89' lang='lat' dir='ltr'><strong>sinistra,</strong></span> <span class='ocrx_word' id='word_1_228' title='bbox 879 3469 971 3533; x_wconf 92' lang='lat' dir='ltr'><strong>modo</strong></span> <span class='ocrx_word' id='word_1_229' title='bbox 1000 3469 1258 3555; x_wconf 76' lang='grc' dir='ltr'><em>βουστροφηδόν,</em></span> <span class='ocrx_word' id='word_1_230' title='bbox 1293 3469 1385 3554; x_wconf 90' lang='lat' dir='ltr'><strong>modo</strong></span> <span class='ocrx_word' id='word_1_231' title='bbox 1416 3489 1435 3534; x_wconf 90' lang='lat' dir='ltr'><strong>a</strong></span> <span class='ocrx_word' id='word_1_232' title='bbox 1521 3455 1523 3460; x_wconf 36' lang='lat'><strong><em>¹</em></strong></span> 
     </span>
     <span class='ocr_line' id='line_1_27' title="bbox 208 3584 1434 3671; baseline -0.002 -21"><span class='ocrx_word' id='word_1_233' title='bbox 208 3587 338 3652; x_wconf 85' lang='lat' dir='ltr'><strong>dextera</strong></span> <span class='ocrx_word' id='word_1_234' title='bbox 362 3593 434 3651; x_wconf 89' lang='lat' dir='ltr'><strong>sunt</strong></span> <span class='ocrx_word' id='word_1_235' title='bbox 458 3587 578 3671; x_wconf 89' lang='lat' dir='ltr'><strong>scripti.</strong></span> <span class='ocrx_word' id='word_1_236' title='bbox 614 3585 703 3650; x_wconf 89' lang='lat' dir='ltr'><strong>Unde</strong></span> <span class='ocrx_word' id='word_1_237' title='bbox 727 3605 916 3670; x_wconf 89' lang='lat' dir='ltr'><strong>quamquam</strong></span> <span class='ocrx_word' id='word_1_238' title='bbox 936 3585 1035 3649; x_wconf 90' lang='lat' dir='ltr'><strong>elucet</strong></span> <span class='ocrx_word' id='word_1_239' title='bbox 1050 3584 1135 3649; x_wconf 89' lang='lat' dir='ltr'><strong>illius</strong></span> <span class='ocrx_word' id='word_1_240' title='bbox 1152 3584 1326 3670; x_wconf 86' lang='lat' dir='ltr'><strong>scripturae</strong></span> <span class='ocrx_word' id='word_1_241' title='bbox 1342 3605 1434 3649; x_wconf 90' lang='lat' dir='ltr'><strong>usum</strong></span> 
     </span>
     <span class='ocr_line' id='line_1_28' title="bbox 210 3698 1434 3786; baseline 0 -20"><span class='ocrx_word' id='word_1_242' title='bbox 210 3723 368 3786; x_wconf 86' lang='lat' dir='ltr'><strong>nunquam</strong></span> <span class='ocrx_word' id='word_1_243' title='bbox 394 3702 518 3767; x_wconf 91' lang='lat' dir='ltr'><strong>firmum</strong></span> <span class='ocrx_word' id='word_1_244' title='bbox 544 3723 580 3768; x_wconf 91' lang='lat' dir='ltr'><strong>ac</strong></span> <span class='ocrx_word' id='word_1_245' title='bbox 604 3702 748 3768; x_wconf 90' lang='lat' dir='ltr'><strong>stabilem</strong></span> <span class='ocrx_word' id='word_1_246' title='bbox 772 3702 880 3784; x_wconf 84' lang='lat' dir='ltr'><strong>luisse,</strong></span> <span class='ocrx_word' id='word_1_247' title='bbox 904 3705 1009 3766; x_wconf 90' lang='lat' dir='ltr'><strong>tamen</strong></span> <span class='ocrx_word' id='word_1_248' title='bbox 1026 3701 1085 3766; x_wconf 91' lang='lat' dir='ltr'><strong>hoc</strong></span> <span class='ocrx_word' id='word_1_249' title='bbox 1101 3700 1224 3783; x_wconf 90' lang='lat' dir='ltr'><strong>quidem</strong></span> <span class='ocrx_word' id='word_1_250' title='bbox 1243 3698 1349 3784; x_wconf 89' lang='lat' dir='ltr'><strong>aliqua</strong></span> <span class='ocrx_word' id='word_1_251' title='bbox 1364 3721 1434 3766; x_wconf 90' lang='lat' dir='ltr'><strong>enm</strong></span> 
     </span>
     <span class='ocr_line' id='line_1_29' title="bbox 208 3797 1434 3905; baseline 0 -23"><span class='ocrx_word' id='word_1_252' title='bbox 208 3817 322 3884; x_wconf 87' lang='lat' dir='ltr'><strong>liducia</strong></span> <span class='ocrx_word' id='word_1_253' title='bbox 347 3797 498 3883; x_wconf 84' lang='lat' dir='ltr'><strong>affirmari</strong></span> <span class='ocrx_word' id='word_1_254' title='bbox 519 3824 633 3905; x_wconf 87' lang='lat' dir='ltr'><strong>potest,</strong></span> <span class='ocrx_word' id='word_1_255' title='bbox 659 3825 752 3903; x_wconf 90' lang='lat' dir='ltr'><strong>atque</strong></span> <span class='ocrx_word' id='word_1_256' title='bbox 768 3818 849 3882; x_wconf 90' lang='lat' dir='ltr'><strong>hano</strong></span> <span class='ocrx_word' id='word_1_257' title='bbox 864 3818 1018 3882; x_wconf 89' lang='lat' dir='ltr'><strong>rationem</strong></span> <span class='ocrx_word' id='word_1_258' title='bbox 1034 3817 1066 3880; x_wconf 95' lang='lat' dir='ltr'><strong>in</strong></span> <span class='ocrx_word' id='word_1_259' title='bbox 1083 3815 1317 3882; x_wconf 86' lang='lat' dir='ltr'><strong>considerandis</strong></span> <span class='ocrx_word' id='word_1_260' title='bbox 1333 3817 1434 3882; x_wconf 88' lang='lat' dir='ltr'><strong>titulis</strong></span> 
     </span>
     <span class='ocr_line' id='line_1_30' title="bbox 208 3905 1433 4020; baseline 0 -22"><span class='ocrx_word' id='word_1_261' title='bbox 208 3934 324 4000; x_wconf 86' lang='lat' dir='ltr'><strong>Atticis</strong></span> <span class='ocrx_word' id='word_1_262' title='bbox 348 3954 530 4018; x_wconf 90' lang='lat' dir='ltr'><strong>sequemur:</strong></span> <span class='ocrx_word' id='word_1_263' title='bbox 556 3935 582 3999; x_wconf 89' lang='lat' dir='ltr'><strong>si</strong></span> <span class='ocrx_word' id='word_1_264' title='bbox 608 3934 677 4018; x_wconf 89' lang='lat' dir='ltr'><strong>quis</strong></span> <span class='ocrx_word' id='word_1_265' title='bbox 701 3933 810 3999; x_wconf 88' lang='lat' dir='ltr'><strong>titulus</strong></span> <span class='ocrx_word' id='word_1_266' title='bbox 834 3933 1075 4020; x_wconf 76' lang='grc' dir='ltr'><em>βουστροφηδόν</em></span> <span class='ocrx_word' id='word_1_267' title='bbox 1098 3905 1233 4018; x_wconf 71' lang='lat' dir='ltr'><strong>scriptus</strong></span> <span class='ocrx_word' id='word_1_268' title='bbox 1250 3939 1307 4015; x_wconf 89' lang='lat' dir='ltr'><strong>est,</strong></span> <span class='ocrx_word' id='word_1_269' title='bbox 1332 3953 1433 3998; x_wconf 91' lang='lat' dir='ltr'><strong>remo-</strong></span> 
     </span>
     <span class='ocr_line' id='line_1_31' title="bbox 208 4047 1432 4135; baseline 0 -21"><span class='ocrx_word' id='word_1_270' title='bbox 208 4051 288 4116; x_wconf 89' lang='lat' dir='ltr'><strong>tiore</strong></span> <span class='ocrx_word' id='word_1_271' title='bbox 312 4051 499 4134; x_wconf 86' lang='lat' dir='ltr'><strong>antiquitate</strong></span> <span class='ocrx_word' id='word_1_272' title='bbox 524 4071 593 4115; x_wconf 92' lang='lat' dir='ltr'><strong>eum</strong></span> <span class='ocrx_word' id='word_1_273' title='bbox 619 4051 825 4135; x_wconf 88' lang='lat' dir='ltr'><strong>compositum</strong></span> <span class='ocrx_word' id='word_1_274' title='bbox 850 4070 918 4114; x_wconf 88' lang='lat' dir='ltr'><strong>esse</strong></span> <span class='ocrx_word' id='word_1_275' title='bbox 941 4069 998 4134; x_wconf 92' lang='lat' dir='ltr'><strong>pro</strong></span> <span class='ocrx_word' id='word_1_276' title='bbox 1024 4055 1108 4114; x_wconf 84' lang='lat' dir='ltr'><strong>certo</strong></span> <span class='ocrx_word' id='word_1_277' title='bbox 1124 4047 1240 4113; x_wconf 84' lang='lat' dir='ltr'><strong>hebere</strong></span> <span class='ocrx_word' id='word_1_278' title='bbox 1256 4068 1432 4133; x_wconf 89' lang='lat' dir='ltr'><strong>possumus.</strong></span> 
     </span>
     <span class='ocr_line' id='line_1_32' title="bbox 209 4164 1432 4252; baseline -0.002 -22"><span class='ocrx_word' id='word_1_279' title='bbox 209 4166 233 4231; x_wconf 93' lang='lat' dir='ltr'><strong>li</strong></span> <span class='ocrx_word' id='word_1_280' title='bbox 263 4172 365 4232; x_wconf 89' lang='lat' dir='ltr'><strong>autem</strong></span> <span class='ocrx_word' id='word_1_281' title='bbox 400 4164 499 4247; x_wconf 91' lang='lat' dir='ltr'><strong>tituli,</strong></span> <span class='ocrx_word' id='word_1_282' title='bbox 529 4166 582 4250; x_wconf 89' lang='lat' dir='ltr'><strong>qui</strong></span> <span class='ocrx_word' id='word_1_283' title='bbox 611 4166 670 4230; x_wconf 89' lang='lat' dir='ltr'><strong>hac</strong></span> <span class='ocrx_word' id='word_1_284' title='bbox 698 4167 855 4252; x_wconf 87' lang='lat' dir='ltr'><strong>scriptura</strong></span> <span class='ocrx_word' id='word_1_285' title='bbox 884 4186 946 4230; x_wconf 93' lang='lat' dir='ltr'><strong>non</strong></span> <span class='ocrx_word' id='word_1_286' title='bbox 970 4170 1118 4248; x_wconf 89' lang='lat' dir='ltr'><strong>utuntur,</strong></span> <span class='ocrx_word' id='word_1_287' title='bbox 1149 4181 1217 4230; x_wconf 86' lang='lat' dir='ltr'><strong>eam</strong></span> <span class='ocrx_word' id='word_1_288' title='bbox 1242 4165 1281 4230; x_wconf 93' lang='lat' dir='ltr'><strong>ob</strong></span> <span class='ocrx_word' id='word_1_289' title='bbox 1305 4184 1432 4230; x_wconf 90' lang='lat' dir='ltr'><strong>causam</strong></span> 
     </span>
     <span class='ocr_line' id='line_1_33' title="bbox 207 4280 1434 4364; baseline -0.002 -17"><span class='ocrx_word' id='word_1_290' title='bbox 207 4302 270 4347; x_wconf 92' lang='lat' dir='ltr'><strong>non</strong></span> <span class='ocrx_word' id='word_1_291' title='bbox 294 4288 368 4348; x_wconf 90' lang='lat' dir='ltr'><strong>sunt</strong></span> <span class='ocrx_word' id='word_1_292' title='bbox 390 4282 526 4347; x_wconf 90' lang='lat' dir='ltr'><strong>habendi</strong></span> <span class='ocrx_word' id='word_1_293' title='bbox 548 4283 748 4364; x_wconf 80' lang='lat' dir='ltr'><strong>recentiores,</strong></span> <span class='ocrx_word' id='word_1_294' title='bbox 773 4282 828 4346; x_wconf 87' lang='lat' dir='ltr'><strong>sod</strong></span> <span class='ocrx_word' id='word_1_295' title='bbox 852 4287 983 4364; x_wconf 90' lang='lat' dir='ltr'><strong>possunt</strong></span> <span class='ocrx_word' id='word_1_296' title='bbox 1006 4281 1131 4364; x_wconf 90' lang='lat' dir='ltr'><strong>quidem</strong></span> <span class='ocrx_word' id='word_1_297' title='bbox 1157 4280 1196 4344; x_wconf 90' lang='lat' dir='ltr'><strong>ad</strong></span> <span class='ocrx_word' id='word_1_298' title='bbox 1220 4280 1434 4345; x_wconf 87' lang='lat' dir='ltr'><strong>vetustissima</strong></span> 
     </span>
    </p>
   </div>
   <div class='ocr_carea' id='block_1_6' title="bbox 297 4446 1065 4712">
    <p class='ocr_par' dir='ltr' id='par_1_7' title="bbox 297 4446 1065 4712">
     <span class='ocr_line' id='line_1_34' title="bbox 299 4446 1065 4516; baseline -0.003 -14"><span class='ocrx_word' id='word_1_299' title='bbox 299 4452 317 4512; x_wconf 79' lang='lat'><strong>¹)</strong></span> <span class='ocrx_word' id='word_1_300' title='bbox 337 4447 378 4502; x_wconf 83' lang='lat' dir='ltr'><strong>uf.</strong></span> <span class='ocrx_word' id='word_1_301' title='bbox 392 4446 546 4502; x_wconf 85' lang='lat' dir='ltr'><strong>Kirchhoff:</strong></span> <span class='ocrx_word' id='word_1_302' title='bbox 567 4446 665 4502; x_wconf 86' lang='lat' dir='ltr'><strong>Gesch.</strong></span> <span class='ocrx_word' id='word_1_303' title='bbox 679 4446 705 4500; x_wconf 88' lang='lat' dir='ltr'><strong>d.</strong></span> <span class='ocrx_word' id='word_1_304' title='bbox 719 4446 821 4516; x_wconf 89' lang='lat' dir='ltr'><strong>griech.</strong></span> <span class='ocrx_word' id='word_1_305' title='bbox 835 4446 916 4516; x_wconf 90' lang='lat' dir='ltr'><strong>Alph.</strong></span> <span class='ocrx_word' id='word_1_306' title='bbox 930 4464 957 4516; x_wconf 91' lang='lat' dir='ltr'><strong>p.</strong></span> <span class='ocrx_word' id='word_1_307' title='bbox 973 4448 1006 4500; x_wconf 90' lang='lat'><strong>13</strong></span> <span class='ocrx_word' id='word_1_308' title='bbox 1025 4462 1065 4514; x_wconf 86' lang='lat' dir='ltr'><strong>sq.</strong></span> 
     </span>
     <span class='ocr_line' id='line_1_35' title="bbox 297 4545 573 4615; baseline 0.004 -16"><span class='ocrx_word' id='word_1_309' title='bbox 297 4545 318 4610; x_wconf 78' lang='lat'><strong>²)</strong></span> <span class='ocrx_word' id='word_1_310' title='bbox 337 4546 353 4599; x_wconf 94' lang='lat' dir='ltr'><strong>l.</strong></span> <span class='ocrx_word' id='word_1_311' title='bbox 368 4561 392 4599; x_wconf 91' lang='lat' dir='ltr'><strong>c.</strong></span> <span class='ocrx_word' id='word_1_312' title='bbox 404 4561 431 4614; x_wconf 92' lang='lat' dir='ltr'><strong>p.</strong></span> <span class='ocrx_word' id='word_1_313' title='bbox 446 4548 478 4600; x_wconf 84' lang='lat'><strong>31</strong></span> <span class='ocrx_word' id='word_1_314' title='bbox 498 4562 573 4615; x_wconf 85' lang='lat' dir='ltr'><strong>seqq.</strong></span> 
     </span>
     <span class='ocr_line' id='line_1_36' title="bbox 298 4644 832 4712; baseline -0.002 -16"><span class='ocrx_word' id='word_1_315' title='bbox 298 4644 320 4707; x_wconf 82' lang='lat'><strong>³)</strong></span> <span class='ocrx_word' id='word_1_316' title='bbox 338 4659 364 4696; x_wconf 86' lang='lat' dir='ltr'><strong>v.</strong></span> <span class='ocrx_word' id='word_1_317' title='bbox 379 4644 524 4698; x_wconf 88' lang='lat' dir='ltr'><strong>Kirchhoff</strong></span> <span class='ocrx_word' id='word_1_318' title='bbox 539 4647 555 4697; x_wconf 94' lang='grc'><strong>1.</strong></span> <span class='ocrx_word' id='word_1_319' title='bbox 571 4660 594 4698; x_wconf 93' lang='lat' dir='ltr'><strong>c.</strong></span> <span class='ocrx_word' id='word_1_320' title='bbox 607 4661 634 4712; x_wconf 91' lang='lat' dir='ltr'><strong>p.</strong></span> <span class='ocrx_word' id='word_1_321' title='bbox 648 4645 682 4697; x_wconf 81' lang='lat'><strong>33</strong></span> <span class='ocrx_word' id='word_1_322' title='bbox 702 4660 776 4696; x_wconf 89' lang='lat' dir='ltr'><strong>num.</strong></span> <span class='ocrx_word' id='word_1_323' title='bbox 793 4644 832 4696; x_wconf 88' lang='grc'><strong>10.</strong></span> 
     </span>
    </p>
   </div>
   <div class='ocr_carea' id='block_1_7' title="bbox 0 0 1752 5224">
    <p class='ocr_par' dir='ltr' id='par_1_8' title="bbox 0 0 1752 5224">
     <span class='ocr_line' id='line_1_37' title="bbox 0 0 1752 5224; baseline 0 0"><span class='ocrx_word' id='word_1_324' title='bbox 0 0 1752 5224; x_wconf 95' lang='lat' dir='ltr'><strong> </strong></span> 
     </span>
    </p>
   </div>
  </div>
 </body>
</html>
