3488 5224
785 356 825 420 19

192 548 256 610 quc
279 527 372 592 fidem
401 529 586 595 indubium
618 551 729 596 vocare
758 552 815 598 neo
845 552 940 596 causa
969 536 1037 598 erat
1066 553 1124 598 neo
1146 533 1288 598 facultas.
1331 533 1416 611 Quae

191 663 258 709 cum
288 643 483 726 itasessent,
511 645 738 729 Kirc-hhoifius,
767 653 934 732 postquam
965 648 1202 732 inscriptionem
1226 648 1313 714 illam
1336 650 1417 716 falsa
1448 668 1452 677 ’

105 788 112 794 ·
190 758 289 844 premi
314 761 500 844 suspicione·
515 761 574 827 sibi
600 762 766 846 persuasit,
791 763 823 826 in
849 763 952 828 libello
977 762 1031 827 illo
1056 763 1094 828 de
1112 763 1278 848 alphabeto
1296 763 1416 830 Graeco

190 872 233 959 (p.
254 876 292 940 18
316 878 395 958 seq.)
425 897 488 941 non
516 877 616 942 solum
647 877 786 944 debitam
816 879 882 960 ojus
913 880 1129 944 austeritatem
1163 878 1418 964 splendidissime

189 991 338 1072 restituit,
362 1011 470 1056 verum
496 993 590 1058 etiam
616 993 804 1078 scripturam
829 994 913 1059 tituli
938 1002 1003 1059 tam
1028 1001 1222 1062 constantem
1240 1016 1308 1062 esse
1324 997 1416 1062 adeo-

190 1126 249 1190 que
277 1107 442 1172 anomaliis
471 1127 583 1172 vacare
612 1109 767 1190 ostendit,
800 1115 835 1174 ut
864 1130 965 1194 pauca
988 1118 1191 1176 monumenta
1214 1111 1417 1197 epigrapbica

66 1313 72 1320 .
137 1275 140 1278 .
190 1221 378 1305 aequalitate
402 1228 434 1287 et
456 1225 660 1305 congruentia
684 1224 881 1290 litteraturae
897 1226 969 1291 huic
985 1225 1076 1292 titulo
1094 1247 1186 1310 pares
1204 1247 1271 1292 esse
1287 1229 1416 1293 videan-

189 1343 249 1402 tur.
286 1339 334 1402 Ac
356 1339 395 1403 de
419 1346 580 1423 tempore,
596 1360 655 1422 quo
674 1340 791 1405 incisus
808 1345 855 1406 est
871 1341 991 1424 titulus,
1016 1341 1225 1409 Kirchboflius
1242 1343 1415 1427 indagavit,

188 1473 258 1518 eum
271 1460 356 1518 certe
371 1474 432 1518 non
447 1475 538 1538 posse
554 1454 686 1539 imperio
701 1455 971 1521 Pisistratidarum
989 1477 1057 1522 esse
1074 1458 1233 1539 seriorem,
1252 1459 1333 1542 quod
1345 1459 1416 1542 qui-

187 1568 258 1634 dem
288 1589 356 1634 cum
388 1569 624 1634 considerandis
653 1570 766 1636 litteris
796 1579 827 1636 et
849 1570 972 1638 Ionicae
995 1579 1027 1637 et
1050 1574 1175 1638 Atticae
1198 1573 1414 1658 inscriptionis

187 1689 253 1752 tum
272 1685 385 1750 multis
409 1685 567 1750 historicis
592 1687 784 1768 argumentis
808 1687 1036 1753 demonstravit
1059 1689 1251 1772 planumque
1274 1689 1357 1754 fecit.

275 1799 344 1866 Hac
370 1801 467 1882 igitur
496 1801 676 1882 defensione
706 1802 816 1867 titulus
847 1803 933 1866 omni
963 1804 1140 1888 suspicione
1171 1805 1331 1870 exsolutus
1356 1810 1413 1888 est,

186 1936 248 1981 nec
268 1917 335 2000 jam
364 1917 581 2003 reperiuntur,
613 1905 665 2000 qui
695 1939 791 2004 pravo
821 1919 985 1984 vetustatis
1015 1920 1188 1985 imitandae
1215 1921 1318 1994 studio
1342 1941 1413 1986 eum

187 2032 330 2099 effectum
360 2052 428 2097 esse
451 2032 602 2097 hodierno
626 2040 767 2119 tempore
792 2035 979 2102 contendere
1003 2035 1052 2100 vel
1076 2036 1257 2102 existimare
1280 2037 1412 2121 possint.

185 2148 332 2234 Exempli
362 2151 456 2212 causa
478 2131 658 2229 Bergkium‘
679 2150 823 2232 nomino,
855 2151 907 2232 qui
938 2158 1009 2234 post
1031 2151 1257 2217 Kirchhoflium
1289 2153 1327 2218 de
1355 2153 1414 2222 hou

185 2268 388 2342 monumento
413 2261 521 2346 egitb.
558 2266 604 2328 Ac
628 2266 740 2348 probat
764 2266 890 2348 quidem
914 2268 1040 2332 omnino
1058 2288 1096 2333 ee
1111 2289 1190 2352 quaa
1206 2268 1288 2332 dixit
1302 2267 1414 2334 Kiroh-

185 2377 299 2443 hoflius
329 2378 368 2444 ad
398 2379 623 2444 restituendam
653 2381 849 2446 monumenti
878 2383 1113 2463 auctoritatem,
1144 2383 1182 2448 de
1207 2389 1323 2466 aetate,
1353 2403 1414 2468 qua

184 2495 360 2562 confectum
392 2495 447 2578 sit,
478 2502 509 2560 ot
535 2496 604 2579 ipse
628 2496 751 2578 judicat
774 2497 813 2562 ad
836 2496 1107 2564 Pisistratidarum
1137 2505 1281 2583 tempora
1303 2519 1413 2565 monu-

184 2618 325 2676 mentum
355 2631 423 2676 esse
453 2611 666 2692 referendum3
697 2612 735 2678 de
766 2614 886 2696 origine
909 2621 1032 2679 tantum
1057 2615 1189 2694 duarum
1213 2615 1340 2680 illarum
1364 2615 1413 2680 in-

184 2728 391 2812 scriptionum
415 2726 508 2792 aliam
533 2728 610 2793 facit
632 2730 852 2812 conjecturam.
890 2729 960 2794 Non
983 2751 1085 2795 meum
1113 2738 1169 2813 ost,
1193 2730 1341 2796 hocloco
1366 2730 1412 2796 di·

179 2843 334 2926 judicare,
360 2845 461 2909 utrius
486 2843 592 2929 opinio
616 2845 658 2909 sit
682 2844 882 2930 probabilior.
919 2845 1022 2910 Unum
1048 2847 1131 2910 dico:
1156 2846 1184 2910 ai
1201 2845 1411 2912 Kirchhoffius

182 2965 268 3025 recte
288 2959 458 3024 arbitratus
476 2953 534 3040 est,
555 2958 733 3036 Phanodico
749 2960 796 3025 illi
813 2961 870 3026 sub
887 2960 1054 3026 Persarum
1071 2963 1204 3047 imperio
1220 2963 1411 3028 Proconnesi
1512 2963 1533 2978 ‘

181 3075 304 3141 insulae
325 3075 524 3160 tyrannidem
545 3075 642 3140 fuisse
663 3076 810 3160 delatam,
834 3077 893 3142 hac
914 3098 948 3142 re
970 3083 1089 3143 certum
1112 3079 1281 3144 terminum
1303 3099 1411 3145 conse·

182 3212 361 3275 queremur,
386 3196 457 3275 post
480 3211 572 3274 quem
596 3199 832 3256 monumentum
857 3183 1065 3277 compositum
1083 3214 1150 3259 esse
1166 3195 1340 3290 putandum
1358 3194 1409 3259 sit.

181 3307 261 3373 Cum
286 3308 368 3374 enim
385 3305 500 3372 Persae
525 3306 572 3372 Ol.
590 3307 644 3389 58,
665 3312 678 3372 1
705 3307 806 3372 deleto
824 3307 982 3392 Lydorum
1007 3330 1103 3392 regno
1121 3307 1256 3376 Graecas
1273 3310 1410 3376 colonias

179 3423 213 3487 in
239 3429 426 3508 potestatem
451 3443 539 3487 suam
564 3423 752 3504 redegerint,
777 3429 887 3507 postea
909 3423 1033 3489 demum
1050 3425 1318 3493 Phanodicus'ille
1333 3423 1410 3490 Pro-

181 3558 318 3604 conneso
347 3538 523 3623 praefectus
553 3538 650 3603 fuisse
674 3543 793 3622 potest,
823 3539 868 3604 ita
893 3545 927 3603 ut
950 3541 1044 3604 etiam
1071 3545 1305 3604 monumentum
1332 3538 1411 3604 illud

50 3741 53 3744 .
179 3660 254 3739 post
269 3653 317 3718 01.
334 3654 388 3736 58,
407 3656 423 3718 1
442 3653 643 3736 Sigeensibus
668 3654 706 3720 ab
731 3675 767 3719 eo
792 3654 833 3718 sit
857 3655 1051 3721 dedicatum.
1080 3655 1237 3739 Ceterum,
1262 3655 1409 3740 quoniam

180 3791 218 3836 ea
248 3790 327 3853 quae
353 3769 508 3851 Bergkius
532 3768 724 3834 Kirchhoftio
755 3770 883 3853 objecit,
913 3792 980 3836 rem
1013 3773 1115 3856 ipsam
1144 3792 1224 3855 quae
1255 3771 1322 3836 sola
1351 3769 1410 3836 hoc

178 3885 248 3950 loco
266 3887 416 3950 momenti
434 3891 490 3967 est,
515 3885 662 3951 videlicet
677 3886 891 3968 integritatem
910 3889 1176 3952 etauctoritatem
1193 3886 1409 3971 inscriptionis

179 4002 301 4066 nonin
326 4001 454 4066 dubium
480 4007 603 4083 vocant,
629 4001 686 4066 sed
708 4001 844 4086 probant
868 4008 899 4066 et
921 4001 1119 4084 confirmant,
1144 4022 1200 4084 ego
1225 4002 1350 4086 quidem
1369 4001 1409 4066 ad

178 4117 285 4202 ipsum
308 4117 449 4182 Atticum
480 4118 672 4182 monument'
699 4117 826 4182 titulum
852 4119 1051 4183 tractandum
1071 4119 1138 4201 jam
1164 4119 1319 4184 accedam.

269 4231 376 4298 Primo
401 4237 531 4317 aspectu
554 4232 619 4297 tria
642 4239 825 4318 comparent
840 4233 968 4315 indicia,
992 4239 1122 4319 propter
1136 4254 1218 4321 quae
1232 4233 1283 4298 hio
1299 4231 1410 4298 titulus

179 4348 344 4414 vetustiori
374 4349 509 4434 tempori
539 4347 723 4413 tribuendus
747 4356 811 4432 est,
841 4371 934 4432 quam
959 4370 1066 4415 omnes
1091 4339 1203 4432 ceteri,
1235 4350 1409 4436 dequibus

270 4560 341 4655 u'rn
360 4592 532 4660 ,Philologo“
553 4597 620 4646 tom.
634 4595 669 4646 32
688 4609 751 4662 naa·
762 4595 819 4652 122
837 4609 913 4662 seqq·

1158 4691 1196 4744 2*
