3488 5224
928 391 967 454 18

335 570 477 648 tempora
506 566 678 649 pertinere,
714 566 882 630 dummodo
917 565 1113 630 litteraturae
1142 567 1222 630 ratio
1258 567 1331 632 talis
1362 566 1557 649 antiquitatis

333 699 410 763 prae
438 699 472 744 se
499 680 582 746 ferat
611 681 736 745 indicia.
775 681 865 746 Duae
894 682 1050 766 imprimis
1083 701 1132 746 res
1157 683 1270 746 summi
1295 689 1368 746 sunt
1391 682 1557 746 momenti:

333 795 470 879 primum
500 816 537 861 ea
566 802 686 879 aetate,
715 817 776 879 qua
800 796 1002 880 bustrophica
1026 798 1183 882 scriptura
1205 797 1343 862 nondum
1369 797 1557 879 exoleverat,

328 909 396 994 jam
420 911 543 977 novicia
566 913 696 998 spiritus
721 912 824 996 asperi
842 911 945 976 forma
962 907 992 977 Η
1011 912 1174 996 antiquum
1195 915 1229 986 Β
1252 933 1291 978 ex
1308 933 1366 978 usu
1383 912 1555 997 depulerat,

333 1045 426 1109 quarn
457 1027 496 1092 cb
526 1047 589 1092 rem
622 1047 728 1092 omnes
761 1027 844 1092 tituli
868 1049 886 1091 a
910 1027 1039 1092 sinistra
1062 1028 1222 1111 ineuntes,
1251 1030 1304 1112 qui
1329 1030 1491 1112 antiquum
1519 1032 1556 1104 Ε

333 1141 496 1224 exhibent,
526 1149 610 1209 certe
640 1144 827 1209 vetustiores
856 1143 991 1208 habendi
1016 1149 1106 1224 sunt,
1135 1164 1228 1226 quam
1253 1145 1276 1208 ii
1299 1144 1383 1209 tituli
1406 1150 1558 1229 βουστρο-

333 1258 438 1344 φηδόν
461 1258 586 1342 scripti,
616 1259 669 1341 qui
688 1259 756 1340 jem
783 1254 813 1324 Η
837 1259 939 1322 forma
964 1265 1103 1323 utuntur.
1146 1258 1268 1324 Deinde
1291 1235 1330 1324 iis
1354 1259 1557 1343 temporibus,

333 1373 444 1455 quibus
469 1372 671 1458 bustrophica
694 1374 850 1457 scriptura
873 1373 957 1457 apud
973 1353 1182 1439 Athenienses
1206 1383 1280 1439 nota
1304 1381 1335 1439 et
1355 1375 1387 1438 in
1405 1394 1463 1438 usu
1479 1378 1557 1453 erat,

316 1488 509 1568 ,litterarum
539 1489 593 1574 My
628 1495 659 1554 et
687 1488 736 1573 Ny
767 1489 887 1561 mediae
917 1490 1037 1554 formae
1067 1494 1097 1554 et
1125 1517 1141 1556 ε
1169 1491 1294 1555 litterae
1320 1491 1423 1554 forma
1450 1507 1557 1554 recan-

332 1604 455 1669 tissima
485 1603 622 1668 nondum
655 1602 813 1686 vulgarem
838 1603 945 1686 illum,
969 1625 1060 1687 quem
1086 1626 1182 1690 supra
1204 1605 1437 1686 denotavimus,
1467 1625 1555 1670 usum

333 1719 480 1785 habuisse
504 1720 664 1802 videntur,
698 1740 810 1804 quare,
840 1721 986 1804 quoniam
1012 1721 1044 1784 in
1069 1721 1212 1786 omnibus
1236 1720 1336 1786 titulis
1359 1728 1557 1808 βουστροφη-

333 1835 392 1899 δόν
420 1835 546 1920 scriptis
570 1836 654 1900 solae
677 1837 792 1919 ubique
817 1837 964 1918 antiquae
987 1837 1107 1901 formae
1132 1832 1183 1918 Μ,
1207 1833 1251 1919 Ν,
1280 1830 1311 1914 β
1338 1837 1387 1901 vel
1414 1835 1444 1912 Ε
1471 1837 1557 1901 inve-

332 1950 472 2033 niuntur,
496 1951 684 2034 scripturam
709 1951 944 2034 bustrcphioam
965 1952 997 2014 in
1014 1951 1249 2017 desuetudinem
1262 1953 1329 2034 jam
1347 1952 1462 2017 abiisse
1477 1952 1557 2016 reri·
1656 2023 1660 2029 ,

286 2123 287 2128 ,
332 2066 435 2132 simile
459 2071 516 2148 ost,
541 2065 721 2149 priusquam
742 2060 801 2148 ud,
820 2063 1055 2149 Messenae
1070 2068 1216 2152 usurpari
1233 2075 1362 2153 coeptae
1379 2067 1451 2132 sint.
1487 2066 1557 2131 Duo

333 2182 459 2264 quidem
495 2180 577 2245 tituli
611 2181 827 2266 reperiuntur,
863 2183 915 2265 qui
944 2182 985 2248 ab
1014 2182 1073 2248 hoc
1101 2204 1159 2246 usu
1188 2183 1347 2248 discedere
1377 2184 1556 2248 rideantur:
1663 2163 1667 2168 ⁵

332 2295 365 2361 C.
383 2295 407 2360 Ι.
424 2296 463 2360 Α.
489 2316 519 2360 n.
537 2297 602 2360 343
632 2302 663 2361 et
693 2299 767 2362 346.
810 2297 867 2363 llle
890 2318 951 2362 uno
982 2320 1073 2363 versu
1096 2298 1291 2379 continetur,
1320 2299 1407 2381 cujus
1431 2299 1555 2362 initium

333 2432 351 2476 a
375 2412 506 2477 dextera
528 2412 645 2476 factum
672 2417 733 2492 est3
759 2419 863 2478 tamen
888 2414 921 2477 in
945 2434 981 2478 ec
1005 2414 1129 2497 quidem
1147 2414 1303 2498 exemplo,
1328 2414 1410 2496 quod
1426 2413 1459 2478 O.
1478 2413 1499 2477 l.
1517 2415 1555 2478 A.

333 2525 477 2610 exhibet,
508 2528 685 2592 litterarum
715 2554 739 2612 p
768 2534 800 2592 et
822 2555 837 2592 a
860 2530 1001 2594 noviciae
1026 2528 1087 2599 llll
1112 2540 1143 2595 et
1166 2527 1193 2595 Ε
1216 2529 1336 2594 formae
1360 2534 1555 2614 comparent3

331 2642 444 2708 deinde
476 2644 510 2707 in
539 2645 675 2724 11346,
707 2643 759 2726 qui
788 2644 898 2709 titulus
929 2665 1118 2728 quamquam
1148 2666 1210 2710 non
1239 2647 1479 2732 βουστροφηδόν
1510 2650 1559 2710 est

332 2759 479 2844 scriptus,
503 2761 689 2854 propter&
716 2759 862 2841 formam,
887 2781 980 2844 quam
1005 2759 1108 2842 habet,
1133 2762 1172 2825 ad
1197 2762 1394 2826 remotiorem
1420 2761 1557 2844 antiqui·

332 2879 429 2940 tatem
459 2877 640 2941 referendus
670 2883 733 2958 est,
763 2875 887 2940 litterae
916 2875 966 2960 Ny
994 2882 1102 2961 aperte
1126 2883 1230 2941 exstat
1258 2877 1362 2941 media
1388 2875 1422 2942 Ν
1444 2877 1556 2940 sonna.

332 2988 441 3074 ltaque
464 2993 517 3057 isti
541 2991 625 3057 tituli
649 2998 788 3056 autnon
813 2991 890 3055 satis
915 2999 1059 3056 accurate
1083 2993 1233 3077 exscripti
1258 2999 1340 3074 sunt,
1364 2996 1490 3077 (ectypa
1504 2993 1558 3057 de·

333 3109 539 3190 siderentur),
572 3114 626 3172 aut
649 3107 880 3172 concedendurn
907 3114 954 3170 est
973 3106 1040 3189 jam
1064 3109 1096 3171 in
1121 3108 1344 3174 vetustioribus
1364 3108 1463 3174 titulis
1479 3128 1558 3173 ncn-

332 3224 420 3290 nulla
442 3223 605 3288 rarissima
628 3222 748 3287 scilicet
771 3217 831 3304 dd,
856 3217 904 3303 N,
930 3219 957 3287 Ε
980 3222 1151 3287 formarum
1177 3224 1321 3306 exempla
1344 3224 1486 3307 reperiri.

287 3417 290 3422 ¹
421 3339 493 3405 dam
519 3339 559 3404 ad
581 3339 678 3423 ipssa,
702 3337 756 3421 qui
780 3357 819 3401 ex
842 3336 900 3401 hoc
923 3342 1065 3421 tempore
1088 3339 1178 3403 nobis
1202 3339 1319 3403 servati
1340 3345 1423 3420 sunt,
1450 3340 1557 3404 titulos

236 3462 240 3468 '
334 3455 526 3522 accedamus.
570 3453 743 3538 Praecipue
772 3472 869 3516 unum
899 3459 1135 3517 monumentum
1167 3454 1225 3518 loc
1253 3454 1320 3518 loco
1351 3455 1481 3518 maximi
1511 3460 1560 3519 est

333 3571 484 3636 momenti
515 3589 551 3634 ac
574 3569 738 3653 ponderis,
767 3573 1003 3632 monumentum
1029 3568 1106 3633 illud
1131 3567 1326 3650 Sigeense¹)‚
1356 3569 1394 3634 de
1410 3589 1478 3652 vquo
1503 3590 1559 3654 per

333 3687 461 3768 longum
490 3689 615 3768 tempus
642 3683 784 3749 homines
815 3682 897 3748 docti
927 3704 1091 3769 perperam
1119 3684 1353 3766 judicaverant,
1383 3685 1481 3750 donec
1509 3705 1558 3749 re-

334 3801 516 3867 centissima
538 3799 664 3864 demum
690 3804 791 3863 aetate
815 3799 997 3883 incorrupta
1020 3800 1086 3881 ejus
1106 3799 1270 3880 integritas
1287 3801 1413 3881 cognita
1428 3807 1460 3865 et
1475 3821 1559 3865 ccm-

335 3917 467 4003 probata
496 3921 552 3980 est.
593 3913 642 3978 Ex
668 3934 728 3997 quo
753 3915 834 3978 enim
860 3913 1035 3979 Boeckhius
1062 3914 1142 3978 hunc
1166 3914 1290 3979 titulum
1316 3917 1433 3981 seriore
1457 3924 1558 3981 aetate

334 4032 527 4117 inspeciem
553 4030 750 4114 antiquitatis
774 4016 991 4094 assimulatum
1016 4030 1106 4113 eique
1126 4029 1211 4095 hanc
1235 4031 1273 4095 ob
1290 4049 1416 4095 causam
1435 4050 1557 4095 omnem
1624 4073 1626 4078 ,
1732 4019 1734 4034 ¹

335 4148 553 4215 auctoritatem
585 4155 679 4228 atque
707 4145 799 4210 fidem
824 4145 1038 4227 denegandam
1064 4164 1131 4209 esse
1155 4146 1331 4227 contendit,
1360 4146 1559 4228 factumest,

334 4269 371 4329 ut
393 4262 546 4349 paulatim
571 4260 734 4343 complura
758 4269 960 4326 monumenta
984 4268 1015 4325 et
1031 4259 1135 4324 lonico
1156 4266 1187 4326 ot
1205 4261 1312 4326 Attica
1335 4261 1559 4346 reperirentur,

336 4400 467 4464 quorum
489 4379 569 4443 ratio
587 4385 679 4460 atque
696 4376 817 4442 indoles
834 4376 974 4458 Sigeensi
991 4375 1083 4441 titulo
1100 4376 1279 4442 simillimae
1296 4381 1394 4459 erant,
1412 4397 1561 4460 quorum·

427 4626 445 4689 ¹)
465 4624 545 4690 (lorp.
560 4624 642 4676 lnscr.
656 4622 752 4676 Graec.
767 4622 778 4675 l
797 4639 823 4676 n.
836 4623 862 4676 8.
