3488 5224
295 856 468 932 Collectio
489 879 623 945 eorum,
645 802 736 951 quae
757 853 801 927 de
822 853 972 947 singulis
992 853 1173 951 alphabeti
1187 852 1298 926 Attici
1313 850 1516 926 mutationi-

600 1018 603 1027 ·
713 988 780 1062 bus
801 987 987 1084 explorata
1006 992 1099 1060 sunt.

662 1133 741 1198 (Vid.
754 1133 866 1187 tabulam
882 1134 1149 1205 palocoprapbicam.)

384 1420 436 1484 Ad
467 1417 561 1483 finem
592 1418 793 1503 pervenimus
824 1419 916 1502 hujus
940 1419 1172 1503 disputationis.
1213 1419 1315 1484 Unum
1341 1424 1454 1501 restat,
1486 1425 1519 1483 ut

296 1535 443 1600 universa
475 1534 636 1619 alphabeti
658 1533 757 1598 Attici
771 1533 928 1616 'historia
953 1554 1045 1617 quam
1070 1534 1255 1600 brevissime
1279 1536 1336 1601 sub
1361 1554 1423 1599 uno
1446 1554 1518 1598 eon-

297 1656 406 1736 spectu
436 1649 495 1715 hoc
521 1649 590 1714 loco
620 1649 734 1714 iterum
765 1649 1063 1735 comprehendatur,
1093 1650 1296 1735 singulaeque
1325 1649 1517 1733 singulorum

296 1770 473 1850 temporum
499 1765 688 1830 mutationes
712 1765 860 1850 deinceps
884 1771 1114 1830 enumerentur.

388 1884 416 1946 1.
441 1880 653 1966 Alphabotum
677 1880 819 1945 Atticum
844 1881 1065 1946 vetustissimis
1088 1881 1282 1965 temporibus
1306 1881 1417 1963 viginti
1440 1881 1517 1945 diras

296 1997 407 2062 habuit
429 1996 561 2079 litteras,
587 2016 719 2078 quarum
742 1997 862 2060 formae
885 2003 957 2061 ante
981 1997 1062 2062 sexti
1086 1997 1202 2062 saeculi
1226 1997 1351 2061 initium
1376 2016 1430 2061 eae
1452 1996 1518 2061 fue·

297 2118 387 2195 runt,
412 2131 488 2196 quas
512 2112 545 2175 in
569 2110 676 2176 tabula
699 2111 782 2176 infra
810 2111 970 2194 adscripta
992 2110 1080 2176 coll
1107 2113 1277 2197 composui.
1305 2112 1374 2177 Vau
1394 2112 1518 2177 litterae

297 2249 336 2293 ne
366 2228 399 2291 in
429 2226 651 2292 vetustissimis
682 2226 807 2310 quidem
838 2226 939 2291 titulis
967 2226 1032 2291 ulla
1060 2227 1193 2309 vestigia
1215 2228 1431 2312 reperiuntur3
1461 2247 1519 2292 neo

297 2343 410 2407 mirum
444 2349 505 2406 est:
539 2361 612 2406 nam
644 2362 682 2407 ex
712 2343 790 2426 ipsis
819 2342 867 2406 his
896 2342 997 2407 titulis
1026 2343 1249 2408 vetustissimis
1278 2343 1420 2408 conicere
1446 2343 1519 2408 licet

297 2457 360 2522 illis
394 2457 588 2542 temporibus
619 2456 688 2521 Vau
721 2456 860 2523 litteram
895 2457 928 2522 in
962 2458 1095 2524 dialecto
1128 2458 1235 2523 Attica
1271 2459 1428 2523 enuntiari
1451 2459 1518 2541 jam

297 2574 419 2660 pridem
459 2572 553 2658 plane
581 2573 713 2638 desitam
745 2573 851 2639 fuisse.
898 2573 1003 2657 Quod,
1038 2593 1098 2658 quo
1133 2576 1284 2659 temporis
1314 2576 1417 2660 spatio
1452 2573 1518 2639 lieri

299 2690 453 2775 coeperit,
487 2690 621 2754 fortasse
652 2708 810 2771 nunquam
842 2689 959 2774 poterit
986 2686 1191 2773 dijudicari¹t
1239 2689 1351 2776 Koppa
1380 2689 1518 2755 litteram

298 2805 465 2889 aliquando
499 2825 588 2868 suum
620 2826 711 2870 usum
742 2805 903 2889 habuisse,
933 2826 1029 2890 supra
1051 2806 1268 2890 probavimus3
1300 2811 1385 2872 certo
1414 2813 1517 2872 autern

299 2927 371 2986 ante
397 2920 533 2986 medium
560 2927 682 2985 sextum
700 2921 857 2986 saeculum
876 2921 1068 2987 exstinctum
1086 2927 1142 2986 est.
1172 2921 1230 3001 (of.
1248 2921 1281 2986 C.
1295 2921 1321 2986 l.
1338 2922 1378 2986 Α.
1395 2944 1425 2987 n.
1443 2923 1518 3004 355,

299 3035 333 3101 C.
351 3035 372 3106 Ι.
392 3033 428 3100 G.
450 3056 481 3100 n.
500 3037 542 3106 8).
586 3034 750 3120 Scriptura
778 3037 841 3101 illis
869 3037 1063 3122 temporibus
1093 3036 1186 3120 vulgo
1216 3029 1418 3124 bustrophiea
1451 3042 1519 3103 erat

300 3151 686 3234 (disuescatur,
717 3152 772 3216 sed
802 3153 895 3217 etiam
926 3153 1082 3219 recentior
1111 3155 1268 3238 scriptura
1296 3155 1328 3219 in
1357 3156 1517 3221 dexteram

301 3287 452 3332 conversa
475 3267 542 3349 jam
571 3267 604 3330 in
634 3287 691 3332 usu
720 3267 781 3332 fuit
811 3266 855 3347 (C.
881 3268 903 3333 l.
926 3269 965 3332 A.
990 3290 1020 3332 n.
1043 3271 1131 3350 468).
1174 3269 1422 3355 Antiquissimae
1446 3291 1518 3336 vero

301 3382 457 3448 scribendi
489 3382 638 3464 rationis,
674 3402 753 3465 quae
787 3383 820 3447 in
855 3383 977 3449 laevam
1009 3384 1187 3469 spectabat,
1221 3405 1323 3471 pauca
1349 3391 1519 3471 supersunt

300 3496 454 3583 exempla.
491 3497 537 3574 (C.
555 3497 577 3562 l.
594 3498 633 3562 Α.
651 3518 681 3562 n.
699 3499 765 3562 466
789 3500 806 3562 b
831 3504 863 3564 et
885 3519 915 3564 11.
934 3500 1022 3578 467).

390 3616 419 3678 2.
455 3611 525 3677 dam
556 3618 628 3678 ante
658 3614 795 3678 medium
823 3619 948 3680 'sextum
980 3615 1138 3680 saeculum
1162 3643 1177 3681 ε
1200 3616 1324 3683 litterae
1352 3617 1457 3682 media
1484 3611 1517 3693 Ε

300 3729 403 3793 forma
430 3728 463 3792 in
492 3748 583 3792 usum
611 3729 712 3811 venit,
745 3734 775 3793 et
804 3735 929 3813 praeter
958 3727 989 3812 Ε
1025 3731 1278 3816 antiquissimum
1308 3733 1520 3818 usurpabatur

303 3842 348 3925 (G.
366 3843 388 3908 Ι.
405 3844 445 3908 Α.
462 3863 492 3908 n.
510 3844 574 3907 465
599 3848 631 3908 et
652 3843 741 3926 471).

391 3961 420 4024 3.
454 3957 557 4024 Medio
579 3959 645 4024 lere
668 3965 757 4025 sexto
781 3959 904 4026 saeculo
930 3962 1086 4041 Hforma
1108 3969 1230 4029 mutata
1253 3965 1354 4029 estin
1377 3971 1517 4050 apertam

278 4109 282 4117 ·
302 4071 333 4142 Η
357 4075 489 4140 formam
516 4073 562 4153 (Ο.
579 4074 601 4139 Ι.
619 4073 655 4140 G.
671 4097 702 4140 n.
720 4077 762 4155 8).

390 4193 421 4255 4.
452 4177 622 4274 Aliquanto
652 4197 723 4277 post
747 4193 804 4272 (ca.
823 4191 870 4257 Ol.
888 4193 942 4272 62)
971 4193 1147 4260 litterarum
1177 4193 1231 4280 My
1259 4202 1291 4261 et
1317 4195 1367 4281 Ny
1397 4197 1518 4262 mediae

258 4370 260 4374 ,
300 4307 420 4371 formae
444 4301 492 4372 Nl
517 4312 548 4381 at
566 4305 608 4377 Ν
633 4308 665 4371 in
690 4328 746 4371 usu
770 4309 888 4373 versari
906 4315 1075 4394 coeperunt
1099 4311 1225 4376 atinde
1249 4310 1287 4376 ab
1304 4310 1362 4376 hoc
1379 4317 1519 4396 tempore

301 4443 400 4506 usque
423 4421 463 4487 ad
487 4423 588 4506 quinti
611 4423 727 4489 saeculi
750 4424 873 4489 initium
898 4445 967 4490 eum
992 4427 1218 4510 antiquissimis
1243 4427 1281 4492 Μ
1306 4433 1337 4492 et
1356 4431 1387 4498 Ν
1409 4429 1519 4494 formis

373 4582 393 4645 ¹)
413 4577 454 4634 Of.
467 4579 619 4634 Kirchhoff:
638 4581 737 4635 Geseh.
751 4581 777 4635 d.
790 4583 891 4650 griech.
906 4583 985 4652 Alph.
998 4601 1024 4654 p.
1038 4585 1081 4637 69.
