3488 5224
900 387 942 453 10

311 562 427 628 8888811
465 563 590 627 initium
627 563 800 628 exolevisse
832 563 1032 630 eonieiamus.
1080 562 1187 647 ltaque
1221 582 1328 628 omnes
1362 562 1464 646 tituli,
1499 564 1533 628 in
1639 547 1641 551 ¹

311 677 423 762 quibus
448 670 487 749 Θ
514 677 617 743 181188
644 684 814 764 comparet,
843 678 941 743 solius
970 679 1062 762 hujus
1090 679 1137 744 rei
1160 698 1255 744 causa
1277 679 1386 763 quinto
1409 679 1533 744 saeoulo

311 793 483 874 anteriores
505 793 638 878 putandi
660 800 759 858 sunt„

398 906 531 972 Prorsus
554 908 638 974 idem
663 908 880 993 alphabetum,
906 909 988 991 quod
1012 908 1114 974 adhue
1137 909 1354 992 eognovimus,
1379 908 1533 994 oonspioi·

310 1028 362 1088 tur
390 1023 423 1087 in
452 1022 543 1088 titulo
567 1023 697 1088 (11.1.
722 1045 752 1089 n.
770 1025 846 1089 480.
893 1022 953 1088 Hio
976 1023 1096 1106 titulus,
1125 1000 1313 1107 quamuuam
1337 1024 1415 1089 adeo
1439 1025 1533 1089 muti-

308 1138 391 1202 latus
416 1145 473 1220 est,
498 1142 533 1202 ut
555 1139 663 1223 paucis
687 1138 801 1204 11118118
825 1138 1031 1221 contineatur,
1056 1159 1157 1223 neque
1180 1139 1245 1204 ulla
1260 1159 1331 1207 eum
1347 1140 1533 1206 restituendi

308 1252 441 1317 facultas
465 1253 507 1317 sit
529 1253 618 1335 data,
649 1259 754 1318 tamon
777 1253 817 1318 iis
840 1253 978 1318 maximo
1000 1253 1115 1319 litteris
1138 1254 1253 1336 utitur,
1282 1274 1361 1338 quae
1384 1254 1442 1320 hoe
1464 1255 1532 1320 loeo

308 1368 465 1451 imprimis
488 1368 608 1433 faciunt
629 1375 831 1434 momontum.
867 1367 1006 1433 Exhibet
1028 1370 1111 1434 enim
1133 1368 1255 1434 litteras
1271 1366 1314 1452 Θ,
1338 1367 1394 1453 Μ,
1422 1370 1465 1453 Ν,
1491 1358 1531 1454 Α,

312 1477 359 1566 Ε,
389 1503 521 1566 quarum
549 1483 720 1548 formarum
751 1503 846 1548 eausa
877 1477 1000 1548 summa
1026 1503 1098 1548 oum
1121 1483 1236 1549 fiduoia
1259 1485 1406 1550 oontendi
1429 1490 1533 1571 potest

308 1597 392 1662 huno
415 1597 543 1663 titulum
569 1603 601 1663 et
623 1599 728 1682 ipsum
752 1597 925 1664 880110
949 1618 1017 1663 esse
1041 1605 1215 1665 exaratum.
1251 1599 1338 1677 Quod
1355 1600 1531 1666 litterarum

308 1739 332 1798 μ
355 1720 387 1778 81
408 1737 428 1778 ν
451 1712 536 1778 88188
559 1714 791 1778 vetustissimae
813 1713 932 1778 formae
957 1716 1001 1784 ΙΛ
1022 1720 1053 1779 81
1075 1713 1107 1780 Ν
1134 1734 1170 1780 88
1192 1735 1255 1780 888
1271 1715 1393 1781 mediae
1409 1736 1531 1799 quoque

310 1824 359 1894 be
383 1838 415 1892 81
440 1825 477 1897 Ν
499 1834 697 1912 comparent,
720 1827 779 1892 hae
801 1849 835 1892 re
859 1831 985 1894 omnino
1009 1850 1073 1895 non
1096 1829 1299 1914 offendimur,
1330 1851 1400 1896 oum
1425 1836 1532 1916 aperte

200 2007 203 2022 ‚
309 1962 384 2007 8888
412 1949 535 2009 tantum
558 1943 591 2007 in
613 1943 672 2008 hoo
696 1943 807 2025 exiguo
831 1943 1007 2026 fragmento
1031 1945 1154 2011 mediae
1177 1945 1250 2010 illae
1273 1947 1394 2012 formae
1418 1947 1529 2012 desint.

310 2058 437 2141 Contra,
462 2059 515 2141 qui
539 2063 711 2141 sequuntur
734 2057 819 2122 tituli
842 2079 872 2123 8.
890 2060 953 2124 481
979 2061 1096 2126 81482
1120 2060 1176 2126 has
1200 2061 1320 2126 medias
1343 2062 1531 2127 181188881-

309 2173 432 2254 hibent3
458 2193 493 2238 88
513 2193 544 2237 8.
561 2173 625 2236 481
650 2178 699 2238 181
721 2172 815 2238 habet
832 2155 876 2242 N
894 2174 1039 2257 sormam,
1064 2177 1163 2241 semel
1187 2175 1234 2257 b‘3
1258 2203 1282 2262 p
1304 2176 1411 2242 littera
1435 2177 1531 2242 semel

309 2293 470 2372 comparet
492 2287 596 2370 ibique
613 2283 662 2353 bt
677 2288 780 2352 forma
803 2289 911 2372 utitur,
936 2290 969 2353 in
985 2311 1015 2354 n.
1033 2291 1099 2356 482
1115 2292 1203 2358 deest
1221 2292 1366 2371 fortuit03
1392 2317 1411 2358 ν
1426 2298 1531 2358 881818

311 2402 349 2474 Ν
374 2408 430 2468 881.
472 2401 618 2468 Ceterum
642 2402 737 2467 etiam
761 2403 794 2467 in
817 2403 866 2468 his
889 2405 990 2470 titulis
1014 2407 1250 2492 conspiciuntur
1272 2407 1393 2472 formae
1417 2405 1459 2491 Θ,
1488 2395 1530 2490 Α,

312 2511 354 2594 Ε.
401 2518 449 2583 De
474 2516 644 2600 E'forma,
674 2519 904 2601 8881118482
929 2527 1053 2604 praeter
1081 2517 1280 2607 §praebet
1309 2528 1419 2607 postea
1441 2543 1531 2589 seeu-

309 2637 377 2698 rate
400 2634 554 2716 agendum
578 2633 648 2698 erit.
683 2633 827 2716 Denique
849 2635 908 2700 hoo
930 2635 999 2702 loeo
1023 2637 1061 2702 da
1083 2637 1133 2720 iis,
1158 2657 1236 2722 quas
1259 2638 1383 2705 litterae
1406 2665 1436 2725 p,
1459 2664 1491 2717 v,
1512 2665 1532 2722 χ

309 2750 342 2814 in
372 2748 473 2832 titulis
501 2749 616 2814 Attiois
647 2749 811 2832 exhibent,
847 2749 957 2816 formis
987 2772 1087 2836 pauea
1115 2753 1262 2818 videntur
1293 2775 1360 2818 esse
1389 2754 1530 2820 dioenda.

310 2863 459 2930 Omnium
483 2865 578 2929 trium
602 2863 777 2930 litterarum
803 2865 979 2950 complures
1002 2868 1206 2934 inveniuntur
1220 2869 1350 2952 formae,
1375 2871 1429 2934 sed
1445 2869 1532 2936 nulla

311 2980 413 3044 exiis
438 2980 475 3044 de
499 2985 602 3044 aetate
625 2979 787 3044 titulorum
812 2981 892 3045 ratio
916 2979 984 3046 fieri
1007 2988 1121 3067 potest,
1145 2990 1313 3069 propterea
1331 2985 1414 3068 quod
1433 3005 1531 3069 paene

310 3115 418 3160 omnes
448 3094 592 3159 omnibus
621 3095 814 3179 temporibus
838 3095 871 3159 in
896 3117 953 3161 usu
976 3098 1112 3163 fuerunt.
1159 3097 1301 3163 Primum
1325 3100 1531 3182 8881888111

310 3215 396 3276 18188
424 3209 580 3274 88188188
608 3214 682 3274 8881
709 3210 829 3274 formae
856 3205 882 3278 Ρ
909 3218 941 3276 81
969 3215 1015 3294 Ρ,
1046 3215 1185 3296 quaein
1208 3213 1257 3278 his
1281 3215 1381 3279 titulis
1405 3235 1531 3300 eompa—

309 3331 395 3406 rent3
420 3329 544 3409 praetor
567 3345 620 3390 eas
643 3326 777 3390 usitatae
800 3326 926 3391 fuerunt
951 3325 974 3393 Ρ
998 3333 1029 3393 81
1051 3327 1073 3393 Ρ
1097 3329 1226 3412 formae,
1250 3331 1283 3394 in
1306 3330 1467 3395 nonnullis
1490 3331 1531 3396 ti-

310 3440 384 3505 tulis
409 3440 630 3506 vetustissimis
654 3442 790 3506 88881111
812 3440 862 3506 181
884 3439 912 3507 D
932 3447 1017 3508 nota.
1051 3442 1174 3508 Deinde
1197 3468 1216 3509 v
1240 3450 1271 3510 et
1292 3471 1312 3528 χ
1334 3446 1368 3510 18
1390 3446 1429 3510 118
1453 3465 1531 3531 quos

310 3559 481 3620 1188181888
509 3556 610 3622 1118118
632 3555 742 3621 formis
766 3553 798 3620 V
823 3562 855 3622 et
881 3555 914 3632 -Ι-
940 3561 1087 3638 8188181;
1117 3565 1281 3643 praeterea
1305 3566 1410 3626 autem
1434 3561 1531 3627 8118-

311 3669 378 3734 buit
407 3667 493 3735 Υ81
515 3671 548 3736 Ῥ
584 3671 717 3753 formas,
754 3649 886 3754 quarum
921 3672 999 3738 haeo
1032 3679 1104 3758 post
1132 3673 1181 3740 01.
1205 3677 1247 3740 80
1281 3676 1346 3741 1818
1376 3677 1410 3740 in
1439 3697 1529 3742 usum

310 3785 397 3850 venit
424 3790 455 3850 et
481 3785 555 3850 inde
584 3806 602 3850 a
630 3773 732 3850 medio
762 3786 870 3870 quinto
899 3787 1022 3852 saeculo
1050 3788 1142 3870 vulgo
1171 3765 1396 3876 usurpabatur3
1425 3805 1460 3874 χῖ
1479 3792 1555 3862 lit,

310 3905 396 3966 terae
430 3899 562 3965 alteram
596 3901 729 3964 formam
759 3899 790 3966 Χ
819 3901 916 3966 181888
949 3908 1058 3968 notum
1088 3909 1144 3968 est.
1192 3903 1330 3981 Quarum
1357 3907 1531 3972 formarum

310 4014 397 4078 nulla
424 4023 549 4098 praeter
573 4012 602 4080 0
626 4022 657 4082 et
683 4015 717 4083 Ῥ
748 4017 787 4080 ad
816 4023 935 4082 eertum
964 4009 1115 4104 temporis
1142 4019 1280 4105 spatium
1304 4021 1457 4106 pertinet,
1486 4023 1532 4088 118

310 4135 346 4194 81
368 4129 446 4194 nihil
470 4131 575 4195 exiis
599 4131 637 4196 de
661 4131 791 4215 alioujus
815 4132 898 4198 tituli
923 4139 1026 4200 881818
1050 4135 1149 4200 888181
1172 4136 1281 4221 possit.
1317 4135 1396 4200 Nam
1422 4157 1531 4220 quam-

311 4264 403 4329 quam
435 4245 565 4310 oaninae
593 4245 717 4310 litterae
748 4247 915 4329 angulatae
942 4250 1061 4316 formae
1086 4248 1110 4316 Ρ
1134 4248 1218 4320 etl?
1251 4251 1443 4333 antiquiores
1473 4272 1530 4336 pu-

310 4361 425 4426 tandae
447 4365 531 4442 sunt,
554 4376 647 4444 quam
674 4361 860 4428 rotundatae
885 4362 907 4428 Ρ
931 4369 963 4429 81
987 4364 1028 4446 Ρ,
1058 4370 1164 4430 tamen
1187 4365 1282 4429 iniis
1307 4365 1448 4448 quidem,
1477 4367 1531 4449 qui

311 4481 446 4558 exstant,
469 4474 569 4539 titulis
594 4481 744 4559 utraeque
768 4477 899 4542 eundem
924 4477 1041 4543 habent
1065 4499 1171 4543 usum:
1197 4477 1220 4543 Ρ
1243 4481 1402 4545 181881181
1413 4481 1480 4564 jam
1496 4483 1530 4547 in
1604 4543 1619 4553 χ

310 4589 411 4655 titulis
439 4590 662 4657 vetustissimis
691 4588 742 4672 (of.
759 4612 790 4655 n.
807 4593 884 4671 463)
915 4600 946 4657 81
968 4590 993 4665 Ιί
1019 4594 1123 4658 medio
1151 4594 1259 4678 quinto
1289 4596 1412 4660 8888818
1439 4596 1530 4661 valde
