3488 5224
900 363 942 426 28

311 541 473 622 spectante
497 542 641 616 utuntur3
666 543 697 602 et
720 557 806 600 num.
831 538 894 601 467
922 537 1046 620 qui-dem
1080 557 1207 622 prorsus
1236 538 1281 601 ita
1310 538 1446 622 scriptus
1478 545 1535 620 est,

310 673 340 718 n.
366 654 442 734 466,
468 653 521 736 qui
544 652 665 718 duobus
689 653 867 718 continetur
886 652 1082 735 fragmentis,
1108 654 1325 720 tantummodo
1350 654 1383 718 in
1407 674 1444 718 66
1467 674 1541 739 par·

311 767 437 851 ticula,
454 788 534 852 quae
560 769 713 852 inscripta
743 774 804 833 est:
843 765 1026 853 ᾖἈριστίων
1055 773 1088 853 μ’
1112 767 1272 854 ἕπόησιενιι
1305 770 1385 834 hauc
1414 768 1541 834 exbibet

312 885 516 969 scripturam3
551 890 658 949 contra
693 885 761 969 ipse
795 883 906 948 titulus
937 884 1209 968 8666166668666
1238 886 1453 950 sinistrorsum
1483 905 1542 950 neo

311 1000 564 1086 βουστροφηδόν,
588 999 642 1064 866
667 1000 798 1064 616666
822 1000 854 1064 in
879 999 1039 1064 dexteram
1066 1001 1202 1084 scriptus
1227 1005 1283 1066 est.
1330 1000 1541 1065 Nihilominus

312 1116 403 1182 umbo
426 1116 603 1198 fragmenta
619 1115 657 1180 ad
674 1115 756 1180 idem
773 1122 1012 1180 monumentum
1031 1117 1188 1200 pert-inere
1205 1120 1347 1200 apparet,
1373 1123 1541 1201 propterea

312 1231 394 1315 quod
425 1237 532 1315 aperte
562 1231 670 1296 eadem
707 1251 802 1295 manu
833 1241 906 1295 sunt
936 1237 1074 1296 exarata.
1123 1231 1156 1296 ln
1182 1237 1314 1315 utroque
1344 1232 1426 1296 enim
1456 1232 1541 1314 frag-

312 1353 417 1412 mento
442 1347 632 1431 conspicitur
649 1346 816 1440 singularis
832 1346 888 1410 illa
904 1346 1034 1412 caninae
1051 1346 1175 1412 litterae
1193 1342 1354 1429 Dsforma3
1379 1353 1541 1432 praeterea

313 1467 434 1527 ceterae
463 1481 585 1545 quoque
615 1463 777 1548 utriusque
806 1463 975 1544 fragmenti
1003 1463 1127 1528 litterae
1156 1463 1250 1548 plane
1284 1463 1396 1528 iisdem
1431 1464 1541 1528 formis

246 1553 252 1564 ⁶
313 1583 452 1641 utuntur.
497 1576 613 1655 Quodsi
638 1578 775 1661 ejusdem
801 1578 885 1643 tituli
909 1578 1007 1642 altera
1034 1599 1105 1662 pars
1135 1579 1351 1661 dextrorsum,
1377 1578 1477 1644 altera
1501 1580 1542 1643 si·

314 1693 501 1757 nistrorsum
526 1713 677 1758 conversa
701 1699 748 1758 est
771 1693 851 1758 bauo
874 1693 1063 1778 scripturam
1093 1695 1125 1758 iu
1156 1694 1318 1759 sinistram
1347 1678 1542 1787 spectantem

213 1855 215 1858 -
315 1828 370 1893 per
394 1807 558 1873 scribentis
589 1809 746 1874 licentiam
779 1829 961 1893 comparere
992 1809 1101 1875 elucet.
1150 1810 1259 1893 ltaque
1288 1810 1383 1874 etiam
1408 1810 1541 1874 alterum

313 1923 402 1988 illum
426 1924 553 1989 titulum
579 1922 626 2003 (6.
651 1926 734 2002 467)
759 1944 832 1988 6686
857 1925 990 1990 fortasse
1023 1926 1122 2007 magis
1147 1944 1241 2008 quam
1266 1932 1395 2010 propter
1418 1924 1541 1990 firmam

315 2039 521 2124 stabilemque
551 2040 808 2105 consuetudinem
844 2041 888 2104 ita
918 2041 1070 2124 scriptum
1101 2062 1169 2129 esse
1204 2042 1329 2126 opinari
1366 2061 1540 2125 possumus

301 2151 407 2220 'Certe
436 2161 539 2220 autem
564 2156 587 2219 ii
611 2155 695 2220 tituli
721 2156 773 2238 qui
798 2155 878 2220 banc
901 2155 1089 2239 scripturam
1114 2160 1285 2242 praebent,
1315 2156 1430 2221 idcirco
1456 2162 1541 2221 vetu-

316 2271 446 2336 stissimi
467 2276 544 2335 'sunt
566 2271 711 2352 habendi,
738 2277 768 2335 et
792 2270 959 2335 manifesto
976 2271 1014 2335 ad
1032 2292 1069 2336 ea
1086 2279 1229 2358 tempora
1245 2273 1413 2358 pertinent,
1431 2273 1543 2356 quibus

315 2387 391 2451 baec
415 2387 634 2470 antiquissima
658 2386 815 2451 scribendi
837 2388 918 2450 ratio
942 2388 1080 2452 nondum
1106 2387 1198 2472 plane
1228 2407 1266 2452 ex
1289 2387 1451 2452 homiuum
1476 2409 1542 2454 me-

270 2513 272 2519 '
316 2503 416 2567 moria
439 2503 594 2567 exstincta
617 2509 692 2567 erat.
742 2501 942 2584 Singulorum
967 2489 1143 2568 litterarum
1160 2504 1280 2568 formae
1306 2510 1338 2566 et
1360 2504 1448 2590 ipsae
1471 2508 1544 2569 sunt

316 2619 558 2684 vetustissimae.
596 2617 787 2702 Comparent
809 2617 928 2684 formae
946 2618 1034 2685 illae:
1062 2618 1119 2704 Q,
1141 2619 1193 2702 Ν,
1227 2622 1268 2702 Ν,
1293 2614 1325 2701 Ε
1349 2626 1423 2701 otc.;
1450 2620 1542 2704 spiri·

317 2741 366 2799 tus
397 2755 489 2820 asper
517 2735 646 2800 fortuito
676 2733 881 2799 desideratur.
929 2734 962 2799 ln
988 2756 1018 2800 n.
1043 2738 1106 2800 467
1138 2735 1307 2817 singularis
1336 2737 1544 2821 repertura

317 2850 440 2915 litterae
463 2850 565 2914 forma
589 2841 640 2932 Θ,
665 2870 758 2933 quam
781 2849 814 2914 in
844 2856 950 2916 nostro
974 2851 1118 2937 exemplo
1147 2872 1208 2917 non
1240 2861 1368 2937 propter
1391 2852 1543 2917 incuriam

318 2967 383 3030 sivo
407 2966 473 3049 ejus
498 2967 551 3048 qui
575 2966 741 3050 exscripsit
764 2964 907 3048 titulum,
944 2968 1010 3032 sive
1035 2969 1100 3052 ejus
1130 2969 1183 3052 qui
1213 2969 1245 3032 in
1274 2967 1393 3051 lignum
1423 2967 1543 3050 incidit,

318 3082 456 3166 conspici
490 3082 558 3166 ipse
594 3101 720 3166 possum
758 3080 957 3166 confirmare,
993 3060 1062 3148 oum
1100 3085 1132 3148 in
1163 3088 1273 3169 ectypo
1297 3103 1431 3168 gypsea,
1462 3082 1544 3165 quod

318 3195 455 3262 Borolini
480 3202 527 3263 est
550 3197 587 3261 in
612 3217 719 3261 museo
747 3198 850 3281 regio,
881 3197 960 3263 banc
989 3198 1147 3282 obliquam
1176 3199 1309 3264 formam
1340 3198 1414 3284 ipse,¹
1438 3185 1545 3284 aperte

319 3310 461 3377 viderim.
509 3313 617 3396 ltaque
641 3304 681 3383 Θ
697 3313 842 3397 formam,
866 3333 946 3396 quae
970 3314 1001 3377 in
1020 3314 1105 3379 nullo
1124 3315 1184 3379 alio
1206 3315 1297 3380 titulo
1314 3315 1420 3380 Attico
1444 3314 1546 3379 adhuc

319 3428 491 3512 reperitur,
515 3428 663 3493 hocloco
687 3448 762 3494 casu
787 3429 921 3512 quodam
953 3434 1079 3494 exstare
1108 3450 1164 3512 ego
1195 3431 1319 3514 quidem
1347 3430 1544 3514 conjecerim,

320 3545 505 3628 praesertim
529 3565 599 3609 oum
623 3545 788 3609 universus
818 3545 928 3609 titulus
960 3545 1074 3609 mirum
1103 3547 1135 3610 in
1166 3546 1292 3610 modum
1322 3547 1426 3612 curvis
1451 3550 1544 3630 atque

320 3659 447 3724 intortis
470 3660 562 3725 lineis
587 3661 723 3745 scriptus
748 3661 800 3725 sit.
831 3669 833 3672 ’

408 3773 479 3839 Jam
508 3776 740 3842 consideremus
768 3775 906 3858 reliquos
936 3775 1027 3858 hujus
1057 3776 1176 3841 ordinis
1206 3776 1314 3841 titulos
1345 3775 1378 3841 Ο.
1404 3776 1426 3841 Ι.
1451 3777 1490 3840 Α.
1514 3797 1544 3840 6.

320 3893 386 3955 463
411 3898 443 3956 et
464 3893 540 3957 466.
587 3891 724 3976 Uterque
747 3891 988 3977 βουστροφηδόν
1013 3897 1061 3956 est
1084 3892 1230 3976 scriptae,
1256 3897 1386 3975 uterque
1410 3911 1472 3956 non
1497 3911 1569 3957 so··

321 4007 386 4071 lum
411 4001 451 4080 Θ
473 4027 580 4073 verum
605 4008 700 4072 etiam
724 4007 854 4092 spiritus
879 4007 981 4090 asperi
1005 4007 1137 4071 formam
1156 4007 1412 4094 antiquissimam·
1430 4002 1465 4070 Ε
1493 4027 1546 4073 en-

322 4123 418 4207 hibet,
443 4125 605 4206 utriusque
629 4124 730 4187 omnis
748 4122 926 4186 litteratura
943 4143 1083 4188 summae
1100 4123 1298 4206 antiquitatis
1320 4123 1453 4208 speciem
1472 4143 1548 4208 prae

216 4263 220 4272 ·
323 4259 356 4306 86
378 4240 449 4306 fert.
496 4239 655 4324 imprimis
679 4238 737 4302 hoc
760 4237 798 4302 de
823 4259 852 4302 n.
878 4239 942 4304 463
966 4238 1132 4320 dicendum
1156 4244 1221 4321 est,
1253 4239 1305 4322 qui
1330 4258 1452 4303 summa
1475 4258 1545 4304 cum

323 4355 487 4438 diligentia
509 4355 637 4436 incisus,
663 4353 858 4436 singularum
882 4353 1057 4420 litterarum
1083 4360 1149 4419 tam
1173 4359 1281 4440 aperte
1304 4352 1419 4436 ubique
1442 4358 1547 4418 vetus-

323 4471 462 4536 tissimas
485 4471 602 4534 formas
619 4469 759 4554 praebet,
783 4476 818 4532 ut
841 4470 879 4534 de
894 4469 1010 4535 nullius
1026 4470 1150 4534 litterae
1165 4470 1267 4534 forma
1283 4468 1420 4534 dubitari
1437 4470 1547 4553 possita

325 4596 428 4652 utrum
453 4586 605 4652 vetustior
629 4607 667 4650 an
692 4586 846 4651 recentior
870 4587 912 4651 sit
934 4585 1086 4651 habenda.
1135 4585 1242 4650 Sedu.
1259 4585 1324 4650 466
1342 4584 1548 4650 videturesse
