3488 5224
804 356 843 418 13

212 527 279 610 jam
310 533 382 593 ante
412 528 550 593 medium
582 533 706 594 sextum
732 529 890 595 saeculum
914 530 1119 595 inveniuntur
1128 527 1161 613 ¹),
1185 550 1255 595 cum
1274 531 1342 615 Jam
1365 536 1440 596 tuuc

217 643 321 708 media
346 643 377 723 Ε
409 644 511 708 forma
534 644 566 708 in
591 663 683 708 usum
706 644 842 725 venerit3
871 672 895 729 μ
919 650 950 710 et
972 672 992 712 ν
1015 650 1119 710 autam
1144 645 1267 711 litterae
1290 648 1439 712 extremis

217 757 342 822 demum
367 758 449 822 sexti
472 778 552 824 saec.
570 757 728 823 decenniis
747 760 862 824 mutari
879 765 1007 845 coeptae
1029 767 1110 824 suut.
1146 759 1269 825 Deinde
1285 761 1440 827 litteraes

218 873 250 937 iu
279 872 390 938 iisdem
419 873 520 937 titulis
549 893 621 938 raro
650 873 793 938 diversae
817 874 872 939 sed
894 875 1078 960 plerumque
1105 874 1231 940 eaedem
1261 881 1441 942 constanter

216 987 336 1052 formae
364 988 535 1073 inscriptae
565 993 652 1068 sunt3
682 987 859 1053 litterarum
885 995 987 1055 autem
1010 1017 1034 1074 μ
1058 997 1090 1055 et
1113 1014 1131 1054 ν
1152 990 1270 1054 formas
1294 991 1439 1074 antiquas

218 1107 248 1166 et
271 1103 410 1167 novicias
433 1102 528 1168 iidem
552 1103 637 1168 tituli
656 1103 747 1188 plane
770 1104 945 1188 promiscue
966 1110 1134 1189 usurpatas
1155 1104 1312 1170 exhibent.
1350 1103 1442 1170 Hanc

218 1217 256 1281 de
279 1237 338 1282 usu
361 1244 397 1302 p,
420 1243 451 1294 ν,
475 1244 489 1282 a
508 1217 683 1283 litterarum
708 1217 808 1301 legem
834 1224 918 1284 recte
942 1239 1009 1284 esse
1033 1226 1232 1304 perspectam
1256 1226 1288 1284 et
1310 1240 1344 1284 re
1367 1240 1443 1285 vera

218 1339 343 1397 exstare
366 1332 539 1398 clarissime
562 1333 748 1416 intelligitur
771 1353 875 1399 cume
898 1334 1026 1417 ceteris,
1052 1353 1129 1417 quas
1152 1333 1211 1397 hoc
1234 1333 1301 1399 loco
1325 1340 1442 1400 tracta·

218 1447 331 1529 bimus,
360 1448 633 1533 inscriptionibus,
662 1455 728 1514 tum
754 1470 770 1514 e
796 1449 889 1514 tertio
913 1447 968 1513 illo
992 1448 1100 1531 titulo,
1121 1433 1183 1531 ‘qui
1208 1469 1224 1513 e
1247 1469 1336 1514 muro
1360 1449 1441 1516 The-

218 1553 378 1628 mis'tocleo
401 1564 518 1628 uostris
541 1565 735 1649 temporibus
759 1563 889 1630 effossus
914 1569 970 1629 ost.

305 1677 396 1743 Basis
425 1684 474 1745 est
503 1679 668 1743 marmoris
690 1678 792 1762 Parii,
820 1685 947 1764 reperta
974 1679 1007 1743 in
1035 1699 1125 1744 muro
1154 1699 1252 1744 meus.
1269 1678 1349 1760 Aug.
1367 1681 1441 1744 anui

221 1795 322 1873 18733
354 1794 521 1878 exscripsit
548 1792 701 1876 Lueders,
731 1795 812 1860 idem
840 1793 1033 1860 Kircbhoffio
1064 1795 1150 1859 misit
1178 1797 1321 1878 ectypou.
1362 1793 1440 1859 Cum

219 1908 300 1973 haud
316 1907 425 1993 procul
443 1907 481 1973 ab
499 1929 534 1973 eo
550 1909 633 1974 muri
648 1909 727 1992 loco,
749 1930 809 1992 quo
825 1914 969 1993 repertus
987 1914 1035 1974 est
1049 1909 1171 1992 titulus,
1187 1909 1248 1973 duo
1263 1909 1441 1991 fragmenta

217 2022 301 2108 pilae
328 2022 490 2106 cujusdam
520 2024 703 2110 sepulcralis
733 2030 822 2090 eruta
850 2025 930 2106 siut,
960 2024 1086 2088 titulum
1115 2029 1146 2089 et
1173 2023 1270 2108 pilam
1294 2025 1333 2088 ad
1356 2024 1440 2088 idem

218 2140 375 2224 pertinere
403 2145 639 2204 monumentum
671 2140 803 2223 conjecit
826 2135 1058 2218 Cumanudis¹).
1101 2137 1162 2204 Sed
1189 2138 1248 2203 hoo
1274 2139 1369 2204 nimis
1392 2140 1440 2204 in·

217 2259 337 2318 certum
362 2259 419 2337 est,
443 2273 544 2337 neque
568 2253 660 2319 bodie
684 2253 746 2319 ullo
770 2256 863 2319 modo
889 2260 991 2339 potest
1014 2254 1232 2319 demonstrari.
1275 2252 1440 2338 Utcunque

218 2389 268 2434 res
293 2389 326 2435 se
350 2369 454 2449 habet,
479 2368 604 2433 titulum
629 2376 660 2433 et
683 2369 766 2454 pilae
780 2371 959 2452 fragmenta
975 2389 1037 2434 una
1052 2369 1217 2434 ediderunt
1232 2368 1441 2434 Kirohhoffius

220 2491 252 2549 et
268 2483 305 2548 E.
324 2485 450 2550 Curtius
466 2485 499 2549 in
518 2490 611 2567 „aott
630 2485 716 2548 acad.
735 2485 839 2567 regiae
855 2485 986 2550 litterar.
1003 2483 1105 2548 Berol.
1126 2486 1210 2549 1873
1227 2505 1257 2569 p.
1277 2486 1344 2550 153
1356 2505 1440 2568 seqq.

219 2599 351 2682 Titulus,
376 2601 429 2682 qui
454 2601 546 2685 plane
569 2601 690 2681 integer
714 2606 855 2696 servatus
878 2607 936 2682 est,
959 2600 1036 2665 bueo
1058 2599 1152 2665 habet
1174 2599 1284 2664 verba:

353 2719 464 2803 ,Σῆμα
487 2717 590 2803 πατὴρ
615 2711 813 2802 abdicentur
836 2711 1063 2803 dnoqupdlvqr
1087 2713 1310 2803 ΞενοφάντῳΙ
1375 2795 1378 2800 ¹

439 2837 519 2920 θῆκε
542 2834 608 2898 τόδ’
625 2830 694 2899 u'rvu'
711 2829 823 2918 ἀρετῆς
846 2829 924 2919 Ιῆδὲ
948 2829 1200 2919 σαοφροσύνης.“

306 2947 447 3013 Primum
472 2948 611 3012 notanda
635 2954 683 3013 est
704 2943 743 3020 Θ
766 2949 878 3030 forma,
903 2947 1014 3012 deinde
1038 2947 1076 3011 de
1099 2946 1153 3032 My
1177 2946 1303 3029 quidem
1325 2945 1441 3031 littera,

219 3084 298 3147 quae
331 3064 379 3129 bis
406 3071 526 3145 exstat,
556 3062 692 3129 dubitari
716 3069 835 3148 potest,
859 3068 964 3127 utrum
988 3063 1020 3126 iu
1045 3060 1270 3146 liueaposita,
1294 3080 1335 3126 au
1357 3061 1442 3127 linea

219 3180 310 3245 altior
343 3180 394 3244 sit.
436 3177 498 3243 Sed
526 3179 559 3243 iu
587 3199 645 3243 usu
673 3177 723 3264 Ny
755 3178 880 3244 litterae
909 3177 1151 3242 inconstantiam
1179 3175 1283 3258 illam,
1314 3175 1352 3241 de
1380 3198 1442 3260 qua

218 3295 335 3359 dictum
361 3300 418 3375 ast,
443 3299 551 3383 aperte
574 3293 725 3359 videmus.
768 3294 828 3358 Ter
852 3294 935 3358 euim
960 3297 1121 3377 comparet
1144 3290 1248 3355 media
1266 3287 1309 3359 Ν
1327 3292 1438 3374 forma,

219 3409 265 3474 bis
300 3408 462 3492 antiquum
501 3409 531 3476 Ν
543 3431 551 3488 ;
589 3414 663 3474 sunt
695 3409 792 3491 igitur
820 3408 879 3472 hae
906 3406 1231 3497 formaepromiscue
1258 3412 1438 3491 usurpatae.

217 3523 287 3588 Non
312 3531 416 3588 autem
440 3523 522 3588 idem
547 3523 585 3588 de
600 3524 707 3589 littera
722 3551 737 3588 ε
753 3524 814 3588 dici
830 3528 943 3608 potest,
968 3541 1047 3604 quae
1062 3522 1095 3585 in
1112 3521 1170 3586 hoc
1185 3520 1276 3596 titulo
1293 3521 1439 3587 undecies

219 3639 467 3722 antiquissimam
504 3635 535 3720 Ε
573 3639 724 3722 formam,
761 3658 914 3722 nusquam
950 3634 977 3702 Ε
1004 3637 1254 3702 recentissimum
1284 3640 1316 3701 et
1343 3635 1440 3701 semel

218 3759 339 3818 tautum
365 3753 500 3818 mediam
524 3751 707 3832 formamE
734 3755 867 3820 exhibet.
903 3745 968 3819 Neo
991 3752 1095 3817 miuus
1111 3750 1314 3817 confirmatur
1329 3751 1437 3816 eadem

115 3894 117 3900 ·
217 3868 279 3952 len,
304 3889 397 3952 quam
421 3870 460 3935 de
483 3891 541 3934 usu
563 3897 599 3954 p,
623 3894 653 3946 r,
676 3896 692 3934 ε
712 3870 888 3935 litterarum
905 3869 1083 3949 statuimus,
1107 3867 1168 3932 alio
1185 3867 1320 3949 quodam
1335 3866 1437 3949 titulo,

218 3985 271 4067 qui
299 3990 331 4049 et
357 3987 426 4070 ipse
449 3987 532 4051 edito
552 3986 618 4069 jam
642 3985 780 4070 Corpore
804 3984 900 4049 lusor.
917 3983 984 4050 Att.
1000 3987 1144 4067 repertus
1168 3985 1230 4063 est,
1258 3981 1353 4064 idque
1375 4001 1437 4045 uon

218 4099 351 4165 Athenis
374 4121 429 4166 seu
452 4101 484 4165 in
500 4100 618 4183 Attica,
641 4101 698 4166 sed
720 4101 753 4164 in
776 4099 876 4164 musei
891 4097 1065 4162 Britannici
1085 4117 1210 4163 camara
1225 4095 1437 4178 subterranea,

217 4215 272 4281 ubi
299 4216 477 4281 reconditus
504 4217 565 4280 fuit
593 4216 727 4280 fortasse
757 4235 796 4281 ex
817 4213 924 4296 Elgini
947 4211 1151 4302 temporibus.
1191 4210 1304 4276 Editus
1328 4216 1376 4276 est
1398 4209 1437 4275 ab

218 4328 443 4397 Hirschfeldio:
481 4332 596 4416 „Arcb
621 4328 689 4412 Ztg.
715 4330 799 4394 1873
828 4328 867 4393 Ν.
890 4327 925 4393 F.
946 4327 1004 4395 Bd.
1027 4329 1064 4410 6,
1099 4325 1175 4392 Heft
1203 4327 1238 4408 3,
1266 4344 1337 4410 pag.
1362 4325 1435 4390 108.

217 4490 428 4500 ——-—-—.

308 4579 329 4642 ¹)
349 4574 389 4630 Of.
404 4575 498 4629 titulos
517 4575 581 4629 (1.1.
596 4576 630 4629 A.
644 4592 671 4628 n.
684 4574 737 4628 465
755 4578 784 4627 et
800 4573 862 4627 471.
961 4572 982 4638 ²)
997 4572 1096 4642 Ἐφημ.
1109 4571 1228 4642 ἀρχαιολ.
1241 4589 1262 4622 τ.
1276 4569 1318 4624 17.
