3488 5224
829 318 872 386 59

240 515 279 559 ex
307 495 419 576 exiguo
444 495 536 580 hujus
560 497 683 562 litterae
705 496 893 579 fragmento,
918 497 1000 579 quod
1023 496 1056 560 iu
1080 515 1155 562 voee
1178 502 1330 582 Διογένης
1353 516 1462 580 super-

239 616 303 690 ost3
335 607 365 676 Η
388 610 490 676 forma
519 611 615 678 semel
643 612 809 699 litteraeq
837 613 900 677 vim
931 611 1040 694 habet,
1072 610 1169 677 semel
1197 611 1344 696 spiritum
1373 631 1463 697 aspe-

238 745 307 790 rum
333 726 487 808 designat,
511 727 557 792 ita
580 731 615 792 ut
637 728 754 814 duplex
777 729 809 794 in
835 728 943 794 eodem
967 727 1059 793 titulo
1084 727 1223 812 eJusdem
1241 727 1362 793 formae
1378 747 1463 792 com·
1524 797 1530 809 ,

239 847 350 925 pareat
371 861 456 906 usus.

327 955 418 1023 Tales
456 957 575 1024 formae
610 959 747 1042 lonicae,
787 979 867 1043 quae
903 964 975 1025 ante
1011 958 1059 1024 Ol.
1087 962 1145 1040 83,
1177 962 1197 1024 3
1232 979 1304 1024 raro
1339 963 1462 1024 tantum

139 1160 145 1169 Ι
239 1073 509 1156 admiscebantur,
545 1074 603 1140 hac
634 1076 770 1156 seriore,
806 1075 844 1141 de
873 1095 934 1158 qua
964 1075 1100 1157 agimus,
1136 1079 1238 1140 aetate
1268 1073 1368 1155 magis
1397 1092 1463 1137 mn·

198 1277 205 1286 ι
238 1189 348 1271 gisque
378 1189 411 1252 in
439 1209 529 1253 usum
555 1196 723 1272 venerunt3
753 1191 806 1256 sed
831 1211 871 1256 ne
894 1191 988 1255 nimia
1012 1190 1106 1272 longa
1128 1189 1184 1254 liat
1205 1188 1288 1270 haec,
1304 1189 1462 1270 tractatio,

105 1281 108 1286 ’
135 1305 137 1310 ’
238 1303 277 1369 de
299 1304 458 1368 nonnullis
482 1311 605 1370 tanturn
629 1327 719 1389 agam
744 1306 861 1389 titulis,
892 1327 909 1370 e
933 1305 1046 1389 quibus
1069 1306 1193 1371 lonicus
1216 1303 1270 1370 ille
1294 1324 1367 1368 usus
1391 1323 1463 1388 per-

238 1419 317 1503 spici
341 1420 451 1504 possit.

328 1532 361 1599 0.
379 1535 402 1599 l.
420 1535 458 1599 A.
476 1555 507 1600 n.
526 1536 601 1617 299,
630 1537 683 1619 qni
712 1515 848 1621 scriptus
877 1542 926 1602 est
953 1537 1036 1603 inter
1065 1555 1163 1601 annos
1192 1534 1241 1601 Ol.
1264 1533 1461 1618 84,1-ΟΙ.

239 1650 330 1732 86,8
355 1649 406 1727 (cf.
423 1648 663 1730 Kirchhoftium)
689 1651 819 1737 praebet
842 1652 939 1718 semel
962 1649 994 1719 Ξ
1017 1653 1160 1718 formam.

326 1765 446 1830 Eadem
475 1761 508 1831 Ξ
537 1766 639 1832 torma
673 1773 827 1853 usurpata
859 1773 908 1833 est
941 1769 972 1832 iu
1002 1769 1050 1833 tit.
1073 1767 1107 1834 O.
1131 1767 1154 1832 Ι.
1177 1766 1216 1831 A.
1239 1787 1270 1831 u.
1292 1765 1373 1847 403,
1408 1764 1461 1848 qui

239 1879 378 1946 Cresilae
408 1879 538 1946 artificis
567 1902 682 1948 nomen
710 1904 787 1967 prae
816 1903 849 1948 se
877 1884 954 1966 fert,
985 1883 1100 1968 quique
1128 1887 1258 1968 propter
1282 1877 1329 1963 N,
1355 1877 1403 1962 Σ,
1432 1873 1461 1946 Φ

238 1995 354 2060 formas
376 2002 449 2080 post
471 1995 518 2061 Ol.
537 1998 589 2080 83,
608 2000 626 2062 3
649 2003 796 2064 exaratus
813 2019 882 2064 esse
898 2000 1031 2064 videtur.
1063 1998 1243 2064 Notandum
1260 2001 1308 2062 est
1323 1994 1460 2079 ejusdem

238 2109 376 2176 Cresilae
406 2113 500 2178 etiam
531 2112 627 2178 aliurn
657 2115 782 2179 titulum
813 2115 904 2181 nobis
932 2120 1056 2180 exstare
1081 2113 1127 2194 (C.
1145 2112 1167 2178 Ι.
1185 2113 1224 2178 A.
1247 2114 1384 2194 adlit),
1409 2110 1462 2193 qui

238 2246 307 2292 eum
333 2228 450 2303 nasalis
473 2227 598 2294 litterae
629 2231 832 2296 vetustiorem
857 2226 894 2297 Ν
916 2231 1050 2296 formam
1079 2229 1241 2312 exhibeat,
1272 2233 1380 2314 aperte
1404 2226 1461 2291 ali·

238 2348 359 2426 quanto.
377 2349 451 2410 ante
474 2343 564 2408 illum
588 2346 780 2430 compositus
804 2351 861 2411 est.

327 2459 361 2523 ln
397 2460 489 2524 titulo
524 2459 557 2524 C.
588 2459 610 2524 Ι.
633 2460 674 2524 A.
703 2482 734 2525 11.
758 2461 798 2524 87
836 2459 895 2540 (ca.
925 2459 972 2525 Ol.
1001 2458 1058 2543 90)
1092 2461 1252 2526 invenitur
1286 2459 1460 2543 scriptura:

237 2569 667 2642 ΞΥΝΒΟΥΙΕΥΣΟΝΤ
692 2573 749 2654 (νε.
767 2577 811 2656 4).
848 2576 947 2659 lgitur
972 2596 1028 2660 pro
1051 2595 1092 2658 χσ
1113 2576 1265 2660 seriptum
1289 2579 1337 2640 est
1359 2570 1406 2657 Ξ,
1431 2577 1462 2638 et

239 2710 296 2773 pro
321 2684 355 2755 0
380 2691 524 2775 simplice
548 2698 710 2776 comparet
733 2691 854 2781 plenior
877 2691 1033 2777 scriptura
1058 2686 1136 2756 ΟΥ.

327 2805 388 2870 Tit.
417 2805 450 2870 C.
478 2806 501 2870 Ι.
525 2807 563 2871 A.
586 2827 616 2871 u.
639 2807 720 2890 335,
756 2808 808 2891 qui
843 2806 998 2892 Pyrrhum
1035 2813 1194 2872 auctorem
1229 2804 1393 2891 profitetur
1429 2799 1459 2870 Η

238 2920 371 2985 formam
409 2921 448 2986 ad
483 2949 501 3008 η
533 2922 672 2988 litteram
708 2923 933 3006 designandam
970 2921 1098 2987 adhibet
1132 2923 1165 2986 in
1199 2941 1273 2987 voce
1302 2923 1460 3005 ἐποίησεν,

238 3056 332 3120 quam
356 3036 477 3102 obrem
502 3036 535 3101 in
551 3034 673 3121 ’Υγιείᾳ
697 3058 771 3104 voce
795 3039 925 3124 spiritus
942 3058 1035 3123 asper
1059 3038 1193 3102 omissus
1217 3043 1273 3102 est.
1319 3035 1463 3102 Pertinet

238 3150 289 3217 hic
323 3151 434 3216 titulus
468 3152 508 3217 ad
542 3160 644 3218 certas
672 3173 738 3236 res,
775 3174 852 3236 quas
879 3173 925 3218 ea.
949 3153 998 3219 Ol.
1021 3155 1063 3219 86
1092 3158 1196 3236 gestas
1225 3171 1293 3218 esee
1322 3156 1460 3232 constat3

238 3270 379 3332 attamen
406 3267 455 3350 id,
485 3267 568 3350 quod
595 3289 653 3333 nos
680 3268 846 3351 habemns
875 3267 960 3333 tituli
990 3268 1169 3354 exemplum
1198 3287 1244 3333 ca.
1269 3267 1316 3333 Ol.
1335 3268 1379 3334 90
1408 3269 1460 3333 de-

238 3401 323 3446 munt
353 3387 518 3448 exaratum
547 3404 615 3449 esse
643 3385 794 3466 doninica,
824 3404 911 3467 oum,
940 3384 1014 3468 quia
1038 3380 1069 3451 Η
1093 3384 1195 3449 forma
1217 3409 1235 3468 η
1258 3383 1382 3449 litterae
1405 3404 1461 3469 po·

107 3531 124 3554 ο
239 3503 382 3563 testatem
408 3498 516 3582 habet,
539 3505 606 3564 tum
632 3504 761 3585 propter
784 3499 920 3583 speciem
946 3479 1102 3583 quandam
1126 3500 1341 3582 recentiorem,
1366 3520 1458 3584 quam

238 3613 338 3697 ipsius
360 3613 445 3678 tituli
468 3615 615 3680 universa
637 3614 818 3680 litteratura
840 3635 917 3700 prae
941 3635 973 3680 se
996 3615 1079 3680 ferre
1102 3615 1224 3680 dicitnr.
1318 3680 1320 3686 .

326 3727 360 3793 O.
383 3728 405 3794 Ι.
431 3730 468 3793 A.
492 3750 523 3794 n.
546 3731 590 3796 40
618 3730 679 3810 (Ol.
702 3732 760 3814 89,
786 3732 816 3814 1)
847 3730 919 3796 vide
947 3737 996 3796 ter
1027 3727 1057 3796 Η
1081 3730 1214 3794 formam
1245 3749 1313 3794 cunr
1343 3756 1363 3815 p
1391 3729 1460 3794 soni

238 3848 394 3928 potestate
432 3852 631 3929 usurpatam:
670 3867 715 3911 νε.
744 3849 798 3930 21,
833 3848 887 3928 41,
921 3849 980 3928 523
1017 3855 1180 3931 praeterea
1214 3845 1310 3912 semel
1347 3843 1460 3924 t·=r

238 3964 295 4035 (vs.
312 3960 378 4037 51).

327 4073 360 4138 O.
379 4073 401 4137 Ι.
419 4073 458 4138 Α.
475 4094 506 4138 n.
524 4075 588 4140 258
614 4076 674 4153 (Ol.
693 4077 746 4160 93,
767 4079 836 4141 1--
851 4079 894 4154 3).
924 4075 1082 4163 Scriptum
1100 4083 1148 4142 est
1163 4081 1211 4142 ter
1228 4072 1351 4161 Ητ-ηι
1376 4095 1420 4139 νε.
1438 4076 1459 4138 6

232 4185 420 4275 Ἀβυδηνοῖς
445 4209 489 4254 νε.
511 4191 550 4254 13
574 4193 765 4279 Χερρονήσῳ
772 4223 783 4272 ,·
808 4214 853 4258 νε.
871 4195 913 4258 20
930 4189 1235 4278 Ἀλωπεκοννησίου.

327 4302 361 4369 C.
378 4305 401 4369 Ι.
419 4305 457 4369 Α.
475 4324 506 4368 n.
526 4306 588 4371 189
613 4305 673 4384 (Ol.
692 4309 745 4390 93,
763 4311 805 4387 2).
841 4307 901 4373 Hic
916 4309 1026 4374 titulus
1051 4307 1141 4374 ualde
1164 4313 1212 4373 est
1234 4305 1458 4372 memorabilis.

238 4418 419 4486 Interiorem
453 4427 573 4505 partem
604 4423 649 4502 (a)
678 4423 766 4507 prius
794 4422 924 4488 incisam
955 4443 1038 4506 esse,
1068 4443 1161 4506 quam
1190 4425 1383 4510 superiorem
1415 4423 1458 4504 (b)

237 4533 447 4600 Kirchhottius
476 4537 711 4604 demonstravit.
753 4539 873 4625 Aperte
904 4538 1099 4605 diversorum
1128 4538 1318 4625 sculptorum
1348 4559 1459 4607 manus
