3488 5224
908 375 951 440 26

317 537 369 637 qui
405 530 641 638 exscripserunt
676 553 857 639 apographa
888 552 982 637 plane
1011 552 1093 618 inter
1122 572 1155 617 se
1185 552 1399 634 consentiant,
1436 573 1542 618 verum

316 669 411 735 etiam
435 668 564 734 Rossius
573 667 594 753 ¹)
626 670 664 735 de
693 669 751 734 hac
778 669 984 753 inscriptione
1006 668 1246 733 memoraverit:
1280 666 1361 751 „Die
1385 667 1543 751 lnschrift,

316 785 366 850 die
389 784 439 849 ich
464 785 647 850 wiederholt
667 784 801 867 gesehen
819 784 882 848 und
898 782 1142 866 abgesohrieben
1159 782 1248 866 habe,
1273 785 1315 850 ist
1331 783 1543 850 vollkommen

315 895 490 964 leserlich.“
538 901 803 966 Emendationum
833 920 910 983 qrras
941 900 1082 964 homines
1111 899 1195 966 docti
1225 906 1472 985 proposuerunt,
1507 921 1544 965 ea

318 1036 398 1098 quae
422 1022 580 1095 auctorem
605 1017 699 1082 habet
714 1015 939 1082 Kirchhoflium
964 1016 1104 1080 maxime
1127 1014 1252 1080 videtur
1276 1035 1344 1081 esse
1361 1016 1543 1100 probabilis.
1638 1011 1643 1016 ’

317 1129 377 1195 llio
400 1132 482 1196 euim
506 1132 552 1197 ita
575 1133 735 1197 emendat:

476 1243 596 1334 „Sippar
619 1249 692 1314 τόδε
716 1249 829 1314 Κύλων
853 1249 984 1313 παίδοιν
1004 1247 1009 1326 l
1029 1249 1190 1333 ἐπέθηκεν
1212 1249 1390 1313 θανόντοιν

474 1361 626 1450 „actual
649 1362 865 1451 ν’ληννσύνης
884 1412 891 1426 ·
910 1409 917 1427 ·
936 1360 965 1427 ·“
1451 1432 1455 1438 .

405 1478 465 1543 Hic
493 1478 603 1543 titulus
635 1479 766 1561 alicujus
796 1478 947 1543 momenti
976 1482 1039 1560 est,
1069 1477 1143 1561 quia
1172 1497 1286 1542 nomen
1316 1497 1392 1562 prae
1421 1498 1455 1544 se
1482 1478 1544 1544 fert

317 1591 462 1678 Cylonio,
492 1593 573 1677 quod
598 1595 705 1658 stetim
729 1594 897 1676 unicuique
921 1592 1005 1658 illius
1029 1592 1157 1678 Cylouis
1182 1594 1365 1658 memoriam
1391 1593 1542 1677 attulerit,

318 1708 371 1791 qui
396 1707 443 1774 Ol.
461 1711 520 1792 42,
542 1712 557 1774 1
583 1710 749 1794 imperium
775 1729 929 1794 occupare
951 1701 1082 1773 conatus
1107 1715 1162 1773 est.
1204 1707 1321 1786 Quodsi
1344 1710 1542 1793 comprobari

196 1899 198 1904 ,
317 1830 425 1909 posset
447 1825 530 1890 huuc
553 1825 679 1890 titulum
705 1824 744 1890 ad
763 1825 852 1889 illam
870 1824 1018 1910 Cylonem
1038 1823 1234 1914 referendum
1252 1845 1329 1906 esse,
1354 1824 1413 1890 hoo
1428 1826 1543 1890 summi

317 1947 400 2005 esset
426 1941 592 2023 momenti,
623 1960 693 2006 oum
718 1941 776 2005 hoo
800 1940 892 2006 modo
916 1941 1026 2005 liceret
1047 1938 1240 2022 intelligere,
1265 1939 1356 2023 quale
1378 1941 1475 2006 fuerit
1497 1941 1542 2006 al·

317 2055 487 2140 phabetum
518 2058 656 2121 Atticum
693 2063 837 2122 extremo
871 2056 1004 2140 septimo
1040 2055 1173 2121 saeculo.
1222 2055 1330 2138 ltaque
1364 2056 1542 2140 quaerenda

317 2178 390 2238 sunt
414 2178 613 2255 argumenta,
644 2171 756 2255 quibus
781 2178 1015 2237 monumentum
1041 2171 1080 2235 ad
1103 2170 1251 2256 Cylouem
1278 2177 1447 2256 tyrannum
1470 2193 1541 2258 per·

316 2287 418 2352 tinere
441 2295 496 2352 aut
519 2286 668 2372 probetur
692 2293 747 2351 aut
769 2286 939 2352 refellatur.
987 2286 1034 2350 Ac
1058 2285 1207 2371 Cylonem
1233 2294 1401 2372 tyranuum
1425 2287 1541 2354 intelli-

316 2403 451 2485 gendum
475 2424 543 2468 esse
559 2403 642 2469 baud
659 2403 797 2468 alienum
814 2403 957 2467 rideatur
973 2403 1121 2487 cuipiam,
1145 2409 1314 2488 propterea
1329 2403 1411 2486 quod
1428 2423 1541 2470 nomon

316 2517 444 2604 Cylonis
469 2520 550 2604 apud
576 2519 786 2583 Athenienses
809 2519 1005 2583 rarissimum
1030 2539 1120 2582 usum
1145 2518 1269 2584 habuit:
1300 2526 1426 2604 praeter
1449 2519 1540 2601 hunc,

316 2635 369 2718 qui
394 2634 518 2717 dicitur,
542 2654 642 2717 nequo
667 2655 705 2699 ex
729 2633 859 2698 historia
883 2655 983 2719 neque
1000 2654 1038 2699 ex
1055 2634 1312 2719 inscriptionibus
1329 2635 1426 2700 ullum
1443 2634 1541 2700 Athe·

315 2751 456 2816 niensem
480 2751 538 2816 boc
561 2751 688 2815 nomine
711 2751 888 2835 praeditum
912 2750 1009 2816 fuisse
1033 2751 1220 2835 accepimus.
1257 2751 1378 2817 Deinde
1394 2752 1541 2817 universa
1640 2759 1642 2764 '

316 2865 491 2950 scripturae
520 2866 600 2930 ratio
628 2866 729 2930 multa
753 2865 858 2948 offert,
888 2885 968 2948 quae
992 2872 1023 2931 et
1045 2866 1115 2951 ipsa
1139 2867 1177 2930 ad
1202 2865 1330 2950 Cylonis
1354 2866 1439 2931 illius
1461 2873 1540 2932 tem-

316 3001 394 3065 pora
426 2981 536 3047 referri
573 2991 713 3065 possunt.
761 2981 975 3067 luterpunotio
1008 2988 1170 3066 comparet
1200 2982 1434 3065 antiquissima,
1468 3001 1539 3048 oum

315 3096 439 3178 singula
467 3098 563 3163 verba
592 3097 712 3163 duobus
737 3097 859 3181 punctis
884 3097 1137 3162 constantissime
1160 3103 1308 3181 separata
1331 3097 1403 3162 sint.
1451 3097 1539 3176 Quod

315 3233 377 3276 non
406 3215 647 3300 βουστροφηδόν
674 3215 825 3298 scripturn
856 3217 917 3295 est,
947 3211 1020 3276 huic
1046 3212 1186 3296 opinioni
1210 3199 1296 3277 nullo
1321 3214 1413 3278 modo
1438 3217 1540 3298 potest

316 3328 449 3395 obstare.
490 3329 639 3412 Singulae
662 3330 795 3413 denique
818 3329 942 3393 litterae
967 3334 998 3392 et
1020 3328 1108 3413 ipsae
1132 3330 1379 3394 vetustissimam
1403 3329 1537 3414 speciem

316 3466 391 3530 prae
415 3466 448 3511 se
470 3446 585 3529 ferunt,
610 3466 680 3511 curm
704 3446 824 3511 formae
846 3451 900 3530 Θ,
925 3444 982 3526 Μ,
1007 3447 1049 3528 Ν,
1079 3441 1110 3526 Ε
1140 3451 1197 3510 oto.
1220 3452 1400 3511 constanter
1423 3445 1540 3511 incisae

315 3567 526 3647 compareant.
562 3561 631 3626 Uno
655 3568 758 3627 autem
784 3567 967 3645 argumento
991 3561 1067 3628 haec
1091 3563 1193 3626 omnis
1210 3563 1315 3647 opinio
1331 3541 1552 3646 improbatur,¹

316 3683 409 3760 atque
432 3676 491 3741 hoc
514 3676 591 3741 mihi
617 3678 740 3760 quidem
760 3673 883 3742 videtur
907 3678 1006 3742 solum
1024 3679 1127 3744 facere
1143 3686 1351 3744 momentum:
1375 3677 1407 3741 iu
1426 3678 1539 3742 Κύλων

236 3803 240 3809 “
315 3811 390 3856 voce
418 3812 480 3855 nou
504 3791 617 3877 Koppa
646 3792 699 3856 sed
723 3791 837 3879 Koppa
864 3795 971 3859 littera
999 3799 1151 3876 usurpata
1175 3800 1231 3856 est.
1279 3791 1334 3856 Sin
1360 3798 1465 3858 autem
1489 3792 1539 3857 hio

315 3907 426 3972 titulus
451 3908 585 3991 septimo
610 3906 734 3972 saeculo
757 3916 841 3974 esset
864 3914 1021 3989 exaratus,
1047 3931 1065 3971 v
1088 3905 1211 3970 litterae
1226 3905 1339 3990 Koppa
1362 3885 1538 3973 necessario
1600 3923 1602 3926 ·

314 4023 542 4109 praescriptum
578 4030 784 4108 compareret.
831 4023 886 4088 lllo
916 4023 998 4087 enim
1029 4026 1170 4106 tempore
1200 4022 1295 4087 etiam
1327 4023 1411 4107 apud
1441 4023 1538 4089 Athe·

314 4140 439 4204 nienses
462 4139 575 4223 Koppa
597 4138 735 4204 litteram
761 4138 852 4224 pleno
876 4140 908 4203 in
932 4158 991 4202 usu
1013 4137 1125 4214 fuisse,
1148 4137 1251 4203 faeere
1274 4158 1337 4203 non
1361 4157 1538 4223 possumus,

315 4255 389 4338 quin
413 4274 470 4338 pro
494 4260 579 4318 certo
603 4254 783 4320 habeamus.
829 4254 973 4338 Namque
997 4254 1045 4319 vel
1069 4255 1103 4320 in
1126 4253 1228 4320 lonico
1253 4253 1431 4339 alphabeto,
1456 4253 1538 4338 quod

315 4369 454 4434 omnium
478 4377 650 4435 ceterorum
677 4370 914 4455 alphabetorum
932 4369 1121 4436 Graecorum
1147 4371 1238 4452 longe
1262 4371 1475 4434 maturissime
1499 4369 1538 4433 ad

403 4617 425 4681 l)
444 4614 570 4670 Archbol.
584 4613 716 4670 Aufstttuo
739 4615 759 4683 l,
779 4632 805 4685 p.
819 4616 871 4670 214
889 4623 946 4670 not.
961 4619 1003 4671 15.
