3488 5224
779 356 907 442 43Ι

189 556 225 609 o,
249 559 286 615 χ,
311 558 347 617 ρ,
371 553 515 616 quarum,
541 538 577 598 ut
601 533 677 600 satis
700 533 929 615 intelleximuS,
960 531 1011 597 alii
1037 532 1115 597 alias
1137 533 1255 605 formas
1279 552 1411 617 usurpa·

188 647 275 728 bant,
300 654 332 713 et
354 647 387 713 in
412 649 556 715 omnibus
580 648 681 714 tribus
705 626 868 714 nominum
892 648 1033 714 seriebus
1058 649 1137 714 etin
1152 649 1203 731 iis,
1228 667 1307 730 quac
1324 654 1412 714 ante-

188 763 304 829 cedunt
333 769 365 828 et
393 769 581 848 sequuntur,
610 764 726 848 ubique
753 763 878 830 casdem
901 764 1019 829 formas
1044 761 1085 847 Υ,
1110 762 1156 846 Χ,
1180 761 1205 834 Ρ
1229 762 1410 848 praebeant.

188 877 306 944 Contra
329 898 366 944 ea
381 879 518 962 nomina,
544 898 624 962 quae
639 877 849 945 Kirchhoifius
865 878 965 944 serius
982 879 1117 962 margini
1133 879 1241 944 addita
1256 883 1288 944 et
1304 883 1412 962 aperte

189 992 227 1057 ab
252 993 314 1059 alio
337 994 473 1078 quodam
497 994 653 1078 scalptore
676 995 777 1060 incisa
800 1015 868 1060 esse
892 995 1028 1077 monuit,
1053 995 1185 1060 caninae
1207 993 1331 1058 litterae
1355 1013 1411 1078 pro

191 1103 217 1175 Ρ
246 1107 395 1175 exhibent
419 1107 442 1176 Ρ
467 1115 499 1175 et
523 1107 546 1174 Ρ
568 1111 703 1190 iormas3
733 1110 875 1176 outitur
898 1109 1008 1174 formis
1033 1105 1076 1192 V,
1094 1108 1136 1192 Υ,
1152 1100 1200 1190 ''i3
1230 1122 1264 1192 χῖ
1285 1107 1411 1192 quidam

189 1223 283 1288 etiam
313 1223 364 1288 bic
386 1223 416 1290 Χ
440 1231 504 1307 est,
533 1245 590 1309 pro
616 1224 646 1295 Φ
674 1231 778 1290 autem
807 1224 924 1306 forma,
953 1244 1032 1306 quae
1055 1225 1087 1289 in
1113 1225 1198 1290 omni
1221 1224 1313 1290 titulo
1338 1243 1411 1290 con-

189 1341 308 1403 stanter
331 1346 507 1425 comparet,
532 1341 583 1406 hic
605 1340 761 1407 recentior
784 1333 813 1406 Φ
838 1339 941 1404 forma
964 1340 1171 1424 conspicitur,
1199 1345 1230 1404 et
1254 1338 1411 1404 sibilantis

189 1450 323 1536 denique
345 1453 470 1536 litterae
494 1475 550 1540 pro
574 1449 734 1546 usitato5
759 1455 856 1520 semel
880 1459 984 1520 exstat
1006 1455 1164 1520 novicium
1182 1452 1223 1519 ξ.
1260 1453 1325 1529 (Sic
1343 1454 1411 1536 jam

189 1566 236 1632 Ol.
254 1569 312 1651 80,
340 1573 434 1636 1-2
463 1571 638 1655 primordia
665 1570 859 1636 noviciorum
889 1569 1014 1634 illarum
1039 1567 1086 1651 ξ,
1111 1563 1157 1652 Φ,
1180 1565 1215 1636 Τ
1237 1569 1409 1635 formarum

188 1664 415 1763 inveniuntur.)
449 1685 559 1770 ltaque
582 1706 652 1750 cum
677 1685 842 1751 universus
866 1685 986 1766 titulus,
1011 1691 1141 1768 excepto
1163 1685 1221 1749 hoc
1238 1685 1411 1768 posteriore

189 1798 418 1883 additamento,
448 1800 624 1866 litterarum
653 1827 689 1886 ρ,
712 1825 749 1878 o,
772 1827 808 1883 χ,
833 1827 877 1888 φ,
900 1821 920 1866 σ
941 1805 1121 1866 constanter
1145 1799 1271 1866 easdem
1293 1799 1410 1864 formas

189 1913 347 1998 praebeat,
372 1914 509 1982 dubitari
532 1937 607 1982 sane
623 1922 737 2001 potest,
760 1936 836 1982 num
853 1916 953 1982 solum
970 1922 1099 2002 propter
1113 1915 1290 1981 litterarum
1307 1939 1325 1980 ν
1342 1921 1373 1979 et
1389 1939 1411 1978 α

189 2029 347 2095 diversum
376 2051 467 2097 usum
492 2032 631 2098 diversos
655 2031 807 2116 lapicidas
830 2031 913 2097 buno
935 2031 1061 2097 titulum
1086 2050 1233 2096 exarasse
1256 2029 1411 2096 conicien-
1489 2090 1490 2093 ,

189 2143 263 2208 dum
293 2145 343 2211 sit.
390 2145 554 2230 Utcunque
583 2167 633 2213 res
663 2153 728 2229 est,
757 2152 841 2212 certe
869 2147 903 2211 id
932 2167 971 2213 ex
999 2147 1057 2211 hoc
1086 2146 1178 2212 titulo
1205 2143 1411 2226 intelligimus

189 2279 234 2325 ca.
257 2259 305 2326 01.
330 2261 373 2326 80
400 2262 508 2328 ambas
540 2263 717 2328 litterarum
741 2288 761 2328 ν
784 2267 816 2327 ct
839 2289 860 2326 α
882 2262 1001 2328 formas
1030 2262 1062 2326 in
1087 2282 1145 2328 usu
1167 2261 1265 2327 fuisso
1289 2281 1325 2326 ac
1347 2281 1411 2326 non

189 2374 282 2459 plane
311 2378 504 2460 promiscue,
536 2378 591 2444 sed
620 2379 683 2460 ita,
713 2383 748 2443 ut
775 2379 808 2443 in
838 2379 969 2460 singulis
996 2377 1082 2443 tituli
1106 2378 1246 2460 partibus
1269 2376 1411 2459 singulae

159 2491 352 2575 'utriusque
385 2491 510 2559 litterae
543 2495 664 2560 formae
700 2494 806 2578 aliqua
839 2513 909 2559 oum
944 2494 1121 2558 constantia
1153 2492 1409 2558 inscriberentur.

167 2605 274 2703 ¹'Haec
297 2609 475 2674 constantia
497 2610 529 2675 in
553 2612 665 2676 ceteris
690 2611 756 2693 ejus
781 2610 893 2676 aetatis
917 2608 1018 2674 titulis
1033 2614 1099 2674 tam
1116 2604 1223 2694 aperte
1239 2612 1410 2692 comparet,

189 2727 224 2787 ut
247 2723 418 2788 secundum
441 2725 524 2790 hunc
548 2726 704 2792 diversum
730 2746 819 2791 usum
844 2726 1016 2790 formarum
1040 2721 1084 2807 Ν,
1113 2719 1162 2806 Α,
1188 2721 1233 2805 Ν,
1257 2721 1288 2789 Α
1313 2723 1434 2808 θριίε-4
1530 2757 1531 2761 =

189 2838 268 2904 sime
297 2839 432 2904 discerni
461 2841 583 2926 possint
613 2846 760 2926 quattuor
783 2840 946 2906 titulorum
968 2859 1099 2923 genera,
1129 2845 1224 2925 prout
1246 2844 1300 2904 aut
1322 2834 1355 2908 Ν
1380 2842 1411 2904 ot

193 2955 242 3037 Α,
266 2961 321 3020 aut
336 2950 373 3020 N
395 2962 427 3020 ct
442 2955 483 3038 Α,
509 2963 563 3022 aut
588 2955 617 3022 Ν
643 2964 673 3022 et
689 2957 731 3041 Α,
756 2961 810 3021 aut
834 2953 953 3022 Netll
977 2956 1097 3021 formae
1119 2955 1152 3020 in
1174 2955 1287 3022 iisdem
1310 2954 1411 3021 titulis

187 3092 252 3137 una
274 3071 483 3157 reperiantur.
518 3072 600 3139 Eum
623 3074 731 3156 igitur,
756 3093 847 3158 quem
868 3072 1087 3154 tractavimus,
1111 3071 1236 3136 titulum
1261 3070 1340 3138 nulli
1355 3071 1412 3136 ho·

187 3207 258 3252 rum
289 3186 434 3253 ordinum
463 3208 592 3273 prorsus
620 3190 715 3256 tribui
744 3208 835 3274 posse
865 3187 1097 3253 concedendum
1126 3193 1188 3270 est,
1218 3187 1329 3252 sedin
1352 3187 1411 3252 hoc
1535 3257 1538 3267 ,

166 3303 295 3368 ‘omnia
318 3307 466 3386 quattuor
489 3324 606 3386 genera
627 3304 790 3390 implicite,
815 3312 849 3368 ut
871 3305 918 3369 ita
941 3304 1054 3385 dicam,
1079 3303 1304 3388 comprehensa
1327 3308 1409 3367 sunt.

155 3409 158 3414 ’
187 3418 310 3484 Deinde
338 3419 481 3503 quamvis
511 3420 545 3484 in
572 3420 630 3486 hoc
661 3419 752 3486 titulo
782 3439 890 3484 omnes
915 3418 988 3484 illae
1010 3419 1132 3505 formae
1155 3422 1186 3483 ot
1210 3418 1357 3512 antiquae
1380 3423 1412 3482 et

187 3534 330 3600 noviciae
352 3553 415 3599 una
438 3540 652 3620 compareant,
677 3541 782 3601 tamen
806 3535 901 3600 ceteri
925 3533 1009 3599 tituli
1033 3533 1205 3599 secundum
1229 3532 1311 3598 hunc
1335 3553 1411 3616 qua-

189 3646 361 3734 druplicem
393 3639 484 3716 usum
513 3651 553 3715 ad
582 3651 707 3716 diversa
736 3657 879 3735 tempora
903 3642 1019 3735 aperte
1033 3655 1166 3735 possunt
1188 3649 1308 3714 referri.
1355 3647 1410 3714 Ni·
1441 3715 1442 3719 ,

191 3765 306 3830 mirum
330 3765 353 3829 ii
377 3765 471 3848 tituli,
496 3766 549 3850 qui
573 3764 653 3832 Act
668 3761 705 3831 N
719 3765 830 3831 formis
853 3770 994 3848 utuntur,
1017 3765 1057 3830 iis
1081 3764 1226 3849 aequales
1249 3764 1315 3830 fere
1338 3769 1412 3831 aunt

188 3880 333 3962 habendi,
359 3880 411 3964 qui
435 3881 608 3947 contrarias
631 3882 749 3946 formas
771 3877 804 3950 Α
829 3886 860 3946 et
883 3878 912 3945 Ν
937 3880 1094 3946 exhibent.
1132 3879 1225 3945 Certe
1248 3885 1352 3946 autern
1376 3880 1410 3955 ii,

188 3994 222 4061 in
257 3996 369 4080 quibus
405 3997 546 4062 noviciae
573 3997 694 4072 formae
722 3994 752 4062 Α
782 4001 813 4061 et
841 3991 872 4060 Ν
901 3995 987 4062 solae
1014 4001 1214 4080 comparent,
1250 3995 1410 4078 aliquanto

188 4111 379 4210 posteriores
408 4117 482 4177 sunt
510 4111 565 4195 iis,
595 4112 648 4195 qui
677 4110 759 4178 solas
788 4111 974 4178 vetustiores
1002 4109 1090 4186 ,det
1113 4106 1148 4176 N
1175 4111 1291 4176 formas
1319 4131 1410 4176 usur-

190 4231 279 4310 patas
303 4202 428 4291 habent.

704 4467 901 4474 ——-—-—
