3488 5224
9 4589 11 4664 l

9 4775 11 4790 r

9 4815 10 4830 r

9 4865 11 4888 l

9 4889 10 4904 r

799 338 841 400 29

203 509 297 593 paulo
321 512 476 576 recentior
500 532 592 595 quam
617 532 648 575 n.
673 513 757 595 lca,
782 532 852 586 cum
877 534 934 597 pro
961 515 1179 597 antiquissimo
1203 494 1250 598 Ε,
1280 516 1362 599 quod
1385 522 1433 581 ter

204 630 393 710 usurpatum
420 632 477 710 est,
502 633 550 692 ter
567 626 672 692 media
690 626 746 691 illa
772 626 801 705 Ε
826 628 928 693 forma
945 638 1135 714 compareat.
1183 629 1242 695 Sic·
1259 629 1309 695 hic
1323 631 1434 696 titulus

204 741 324 825 pariter
348 762 384 808 ao
407 764 437 807 u.
461 744 524 808 471
551 763 614 806 una
643 762 711 808 cum
743 744 962 828 antiquissimo
989 741 1025 814 Ε
1049 745 1187 812 medium
1213 745 1290 810 illud
1321 741 1354 822 Ε
1380 767 1433 811 cx-

203 856 299 922 hibet.
956 945 960 953 .

293 971 376 1056 Jam,
402 974 451 1038 cui
475 973 628 1058 temporis
658 974 761 1057 spatio
793 973 841 1057 hi,
879 955 956 1057 qu'os
984 996 1067 1041 nunc
1102 977 1320 1060 tractavimuS,
1350 977 1434 1042 tituli

205 1086 363 1155 tribuendi
387 1089 468 1171 sint,
498 1090 675 1154 accuratius
708 1094 756 1154 est
778 1090 1027 1156 describendum.
1068 1091 1152 1155 Cum
1177 1093 1209 1156 in
1234 1098 1435 1158 monumento

206 1201 363 1287 Sigeensi,
396 1205 478 1288 quod
509 1189 554 1269 oa.
586 1203 633 1270 Ol.
660 1207 702 1269 60
731 1205 904 1270 confectum
943 1207 1274 1291 esseimlagavimus,
1305 1210 1434 1293 spiritus

171 1303 175 1311 ¹
205 1319 309 1405 asperi
328 1321 394 1404 jam
430 1320 554 1385 novicia
578 1315 607 1385 Η
632 1319 735 1384 forma
759 1321 990 1405 conspiciatur,
1025 1342 1077 1387 eos
1106 1323 1230 1406 titulos,
1261 1325 1293 1388 iu
1323 1324 1434 1408 quibus

205 1437 367 1520 antiquum
396 1433 433 1506 Ε
459 1435 649 1520 reperiatur,
680 1440 752 1500 ante
781 1437 917 1527 medium
948 1445 1070 1503 sextum
1102 1439 1260 1530 saeculum
1289 1445 1434 1504 exaratos

206 1571 275 1618 esse
305 1573 401 1638 snpra
432 1552 611 1616 statuimus.
659 1550 777 1627 Quodsi
806 1557 895 1616 tanta
929 1553 1040 1618 horum
1070 1555 1232 1618 titulorum
1268 1555 1436 1620 multitudo

206 1667 296 1732 nobis
320 1673 506 1735 conseruata
530 1673 588 1749 est,
614 1673 648 1730 ut
672 1687 780 1732 omues
805 1667 914 1734 eodem
939 1670 1089 1754 temporis
1106 1675 1221 1755 puncto
1245 1671 1435 1756 compositos

208 1775 361 1875 essenon
391 1786 550 1871 possimus
580 1782 718 1867 opinari,
752 1784 935 1867 praesertim
967 1805 1036 1850 cum
1068 1784 1122 1848 alii
1150 1785 1275 1851 litterae
1298 1813 1313 1850 a
1336 1786 1433 1852 solam

207 1901 465 1983 vetustissimam,
492 1900 545 1968 alii
569 1903 733 1984 praeterea
756 1901 891 1965 mediam
916 1901 1050 1965 formam
1075 1901 1257 1984 exhibeant,
1285 1921 1342 1966 nos
1366 1903 1435 1985 qui-

208 2017 278 2084 dem
302 2037 365 2082 non
389 2019 422 2083 in
447 2013 552 2086 errore
578 2022 728 2087 videmur·
743 2017 833 2088 nubis
857 2017 993 2099 versari,
1023 2019 1050 2082 si
1077 2018 1133 2083 has
1158 2017 1197 2082 ob
1220 2036 1329 2082 causas
1357 2037 1435 2082 uon·
1538 2013 1541 2020 “

204 2132 310 2221 nullas
334 2133 444 2198 harum
469 2135 709 2221 inscriptionum
736 2136 859 2204 Solonis
882 2132 1087 2217 temporibus,
1113 2134 1190 2199 alias
1213 2133 1264 2198 vel
1287 2133 1435 2199 extremis

207 2249 334 2333 septimi
358 2251 474 2316 saeculi
499 2251 657 2318 decenniis
681 2254 815 2338 scriptas
840 2269 908 2316 esse
931 2248 1131 2314 coniciamus.

711 2527 923 2535 ——-—--

603 2809 755 2906 PARS
787 2806 1039 2918 ALTERA.

381 3133 442 3208 De
469 3133 650 3210 Endoeo
680 3141 722 3210 et
748 3134 978 3209 Aristocle
1008 3132 1258 3207 statuariis.

297 3305 572 3377 Consideravimus
597 3311 698 3376 adhuc
722 3331 830 3377 omnes
855 3309 963 3375 titulos
979 3308 1112 3391 Atticos,
1137 3307 1190 3390 qui
1215 3312 1288 3372 ante
1311 3327 1434 3392 pugnae

132 3439 146 3472 τ
210 3421 400 3502 Salaminiae
431 3446 547 3491 annum
573 3427 695 3492 exarati
719 3432 809 3508 sunt,
834 3425 1046 3492 {tractavimus
1070 3428 1102 3488 et
1124 3423 1303 3488 notavimus
1327 3443 1434 3488 omnes

209 3540 413 3623 mutationes,-
436 3561 513 3624 quas
537 3541 739 3627 alphabetum
763 3543 904 3608 Atticum
929 3541 1002 3606 inde
1026 3561 1043 3604 a
1066 3539 1289 3605 vetustissimis
1312 3545 1433 3623 tempo·
1519 3593 1524 3604 .

208 3653 295 3718 ribus
319 3676 418 3740 usque
443 3657 482 3721 ad
505 3657 592 3722 illam
617 3664 753 3726 aetatem
777 3657 993 3743 percucurrit,
1016 3655 1239 3741 descripsimus
1262 3654 1432 3719 secundum

208 3768 265 3834 has
299 3771 385 3855 ipsas
421 3773 626 3858 mutationes,
662 3778 814 3857 quantum
850 3774 1009 3862 potuimus
1044 3773 1137 3838 unius
1172 3771 1321 3858 cujusqtm
1350 3769 1433 3834 tituli

210 3891 361 3969 aetatem,
397 3888 605 3955 conclusimus
635 3895 666 3955 et
694 3911 752 3976 pro
780 3894 865 3955 certo
895 3889 1097 3971 cognovimus
1125 3887 1181 3952 hos
1213 3885 1321 3950 titulos
1351 3886 1434 3950 iutra

210 4002 305 4066 totius
334 4003 416 4068 sexti
443 4005 561 4070 saeculi
585 4007 721 4090 spatium
747 4007 937 4091 compositos
962 4025 1045 4086 esse,
1076 4001 1242 4068 nonnullos
1267 4009 1371 4065 autem
1395 4001 1434 4065 ad

210 4118 337 4202 septimi
367 4119 483 4184 saeculi
507 4122 713 4205 posteriorem
738 4128 859 4206 partem
885 4121 1042 4206 pertinere
1066 4140 1128 4184 non
1152 4118 1225 4202 siue
1243 4137 1338 4182 causa
1361 4137 1434 4181 oon·

205 4232 349 4315 jecimus.
396 4234 550 4311 Quoniam
579 4237 676 4320 igitur
704 4237 763 4302 hoo
792 4237 884 4302 modo
913 4237 1159 4302 uetustissimam
1191 4231 1349 4318 alphabeti
1376 4234 1434 4296 Ac

209 4349 264 4414 tici
293 4349 458 4415 historiam
487 4351 571 4417 clare
599 4358 630 4418 et
653 4352 787 4417 dilucide
812 4344 1049 4437 perspicimus,
1061 4352 1128 4434 jam
1153 4369 1214 4414 non
1239 4354 1433 4434 potestesse

210 4464 352 4548 difficile,
382 4486 420 4532 ea
448 4472 591 4554 tempora
621 4469 797 4534 accuratius
825 4466 970 4550 definire,
999 4467 1039 4532 ad
1071 4486 1149 4551 quae
1177 4464 1261 4529 tituli
1284 4464 1347 4551 illi,
1380 4464 1434 4548 qui

209 4580 373 4648 Endocum
399 4589 430 4648 ct
445 4583 633 4650 Aristoclem
659 4592 802 4650 auctores
826 4581 1023 4669 profitentur,
1048 4583 1130 4648 iutro
1155 4582 1333 4646 universum
1356 4579 1434 4645 illud
