3488 5224
823 413 843 476 e
952 428 955 434 .

215 585 277 649 illis
302 587 412 650 formis
437 588 530 671 plane
555 589 731 672 promiscue
749 595 958 654 occurrerent.
995 590 1062 655 Hae
1080 598 1181 655 autem
1202 590 1439 674 antiquissimae

216 698 259 766 N
285 707 316 766 et
339 703 368 768 N
393 703 513 768 formae
540 703 729 787 procedente
758 709 899 787 tempore
926 707 1027 788 magis
1052 706 1215 789 magisque
1238 707 1270 770 in
1295 706 1439 770 desuetu-

215 817 319 881 dinem
345 819 490 884 abierunt
513 824 544 882 et
567 839 612 883 ca.
631 817 678 883 Ol.
699 820 740 883 70
764 818 812 883 vel
837 819 931 904 paulo
955 827 1065 905 postea
1089 821 1182 906 plane
1199 842 1251 887 eas
1268 819 1439 886 exolevisse

215 933 386 998 verisimile
412 938 477 1009 lest.
524 932 584 997 Sed
610 933 668 998 hoe
693 934 816 1016 quidem
846 935 1012 999 admodum
1038 947 1086 1000 est
1108 937 1277 1019 incertum,
1308 956 1377 1001 eum
1401 955 1440 1000 ex

215 1046 273 1112 hoo
301 1054 443 1133 tempore
472 1048 550 1113 nulli
577 1049 642 1113 fere
665 1047 749 1113 tituli
773 1049 943 1132 supersint.
990 1050 1133 1135 Denique
1157 1051 1368 1116 adnotandum
1393 1057 1441 1116 est

216 1164 308 1226 etiam
326 1159 375 1229 Nl
400 1170 431 1229 et
455 1160 492 1230 N
515 1165 633 1228 formas
657 1163 740 1228 haud
764 1164 817 1227 diu
841 1165 1052 1250 principatum
1077 1167 1259 1250 obtinuisse,
1283 1187 1352 1231 oum
1373 1166 1438 1248 jam

217 1297 261 1342 ca.
280 1277 327 1343 Ol.
346 1280 389 1344 80
412 1299 469 1362 pro
493 1275 542 1345 Nl
566 1285 745 1344 constanter
770 1277 802 1346 Μ
828 1280 930 1343 forma
957 1281 1173 1346 recentissima
1196 1289 1228 1346 et
1251 1286 1376 1365 praeter
1401 1279 1437 1349 N

215 1393 399 1458 inclinatum
437 1395 530 1458 etiam
566 1401 670 1459 erecta
702 1395 803 1459 forma
833 1389 862 1458 Ν
893 1397 1077 1479 reperiatur.
1125 1395 1193 1461 Hae
1225 1404 1328 1460 autem
1360 1394 1440 1458 duae

215 1509 335 1573 formae
365 1509 599 1574 recentissimae
624 1507 656 1575 Μ
681 1516 713 1573 et
737 1504 783 1590 N,
814 1529 893 1593 quae
917 1517 1025 1594 postea
1048 1511 1132 1576 solae
1155 1512 1188 1575 in
1213 1532 1270 1575 usu
1294 1530 1440 1595 perman-

217 1629 335 1705 serunt,
359 1644 396 1687 ea
420 1629 532 1704 aetate,
557 1624 595 1688 de
620 1643 681 1706 qua
705 1625 818 1706 agitur,
843 1625 982 1689 nondum
1007 1631 1183 1708 occurrunt,
1208 1645 1269 1708 qua
1292 1624 1330 1690 de
1346 1643 1440 1689 causa

218 1738 349 1802 anobis
379 1738 437 1802 hoo
466 1738 533 1802 loeo
564 1739 782 1803 tantummodo
814 1729 1115 1804 vetustissimae'N
1140 1735 1172 1805 et
1199 1736 1230 1802 Ν
1257 1745 1288 1805 et
1318 1739 1440 1804 mediae

218 1848 265 1918 Nl
290 1859 322 1918 et
347 1851 389 1920 N
412 1854 531 1916 formae
554 1854 736 1918 tractandae
760 1859 842 1918 sunt.
887 1853 1040 1931 Quoniam
1064 1855 1161 1936 igitur
1185 1854 1334 1919 extremis
1358 1854 1440 1918 sexti

217 1967 332 2032 saeculi
361 1968 519 2033 decenniis
550 1969 734 2052 promiscue
755 1969 813 2033 hae
840 1951 963 2033 formae
985 1975 1193 2054 usurpantur,
1222 1989 1261 2034 ex
1284 1969 1322 2033 iis
1347 1969 1439 2052 plane

218 2090 363 2147 accurata
386 2083 425 2148 de
448 2083 611 2148 titulorum
635 2089 739 2149 aetate
762 2084 842 2148 ratio
867 2083 977 2149 deduoi
1001 2105 1064 2149 non
1087 2090 1201 2169 potest,
1225 2083 1279 2149 sed
1295 2089 1440 2148 constant
1540 2132 1549 2150 ,

218 2198 434 2262 tantummodo
469 2196 559 2263 haec:
595 2200 731 2284 primum
761 2219 870 2265 omnes
899 2199 1024 2282 titulos,
1061 2200 1114 2281 qui
1144 2199 1378 2281 antiquissimas
1410 2204 1442 2264 et

217 2313 337 2378 medias
371 2313 480 2378 harum
513 2314 689 2379 litterarum
717 2314 835 2379 formas
866 2317 1042 2399 promiscue
1072 2313 1255 2396 exhibeant,
1289 2314 1328 2379 ad
1356 2313 1439 2378 idem

217 2427 282 2492 fere
305 2429 457 2512 temporis
482 2429 618 2513 spatium
643 2429 818 2514 pertinere,
843 2430 955 2494 deinde
979 2450 1031 2494 eos
1054 2429 1173 2512 titulos,
1197 2430 1228 2493 in
1254 2430 1365 2512 quibus
1388 2450 1440 2494 ve-

217 2543 411 2608 tustissimae
445 2544 564 2608 formae
592 2543 776 2629 plerumque
804 2550 1022 2628 compareant,
1052 2550 1136 2609 certe
1165 2543 1323 2628 aliquanto
1352 2549 1440 2609 vetu-

218 2659 331 2723 stiores
355 2679 436 2740 esse,
460 2679 551 2742 quam
578 2679 646 2742 eos,
670 2662 703 2725 in
732 2661 843 2744 quibus
868 2658 989 2723 mediae
1013 2655 1062 2725 Nl
1086 2666 1117 2724 et
1140 2659 1181 2729 N
1207 2660 1326 2725 formae
1349 2679 1441 2744 prae·

217 2773 352 2838 valeant.
397 2773 432 2838 ln
456 2775 515 2839 hoo
537 2775 644 2857 igitur,
669 2776 707 2840 de
732 2795 792 2857 quo
817 2775 920 2866 agitur
943 2773 1035 2839 titulo
1059 2775 1297 2858 antiquissimae
1320 2775 1440 2839 formae

220 2885 262 2954 N
290 2892 376 2958 etN
403 2889 498 2955 semel
522 2891 739 2969 inveniuntur3
764 2889 938 2974 usurpandi
962 2890 1063 2954 locum
1087 2896 1251 2974 praeterea
1266 2910 1327 2954 nou
1343 2889 1440 2954 fuisse

220 3005 387 3071 dolendum
420 3014 477 3070 eet.
525 3003 603 3084 (Eae
633 3004 767 3086 scilicet,
798 3025 877 3088 quae
904 3005 937 3068 in
966 3004 1141 3086 fragmento
1166 3007 1183 3069 b
1207 3005 1441 3090 conspiciuntur

219 3121 343 3198 litterae
368 3148 386 3188 u
408 3123 539 3204 formae,
564 3121 709 3204 quoniam
735 3141 797 3184 non
821 3121 948 3186 eaedem
973 3127 1055 3202 sunt,
1080 3140 1157 3202 quas
1180 3119 1289 3185 habuit
1310 3120 1379 3203 ipse
1402 3120 1441 3182 ti-

220 3238 313 3320 tulus,
345 3257 473 3321 prorsus
502 3242 575 3301 sunt
603 3213 923 3320 praetermittendae).
972 3233 1033 3300 Sed
1063 3235 1162 3317 solae,
1199 3255 1277 3318 quae
1301 3235 1334 3299 in
1356 3235 1440 3315 frag·

219 3358 324 3418 mento
349 3378 368 3416 a
393 3358 518 3417 exstant
546 3353 665 3416 formae
689 3352 733 3424 N
758 3358 789 3416 et
813 3353 843 3418 N
868 3356 1060 3414 momentum
1091 3350 1220 3415 faciunt.
1265 3349 1344 3414 Nam
1369 3369 1438 3413 oum

219 3478 302 3533 certe
326 3467 419 3553 paulo
442 3473 514 3552 post
537 3467 638 3551 quinti
662 3467 778 3533 saeculi
801 3469 938 3550 initium,
962 3467 1096 3530 fortasse
1113 3467 1178 3548 jam
1197 3485 1242 3528 ea.
1259 3465 1306 3529 Ol.
1320 3466 1361 3528 70
1381 3463 1440 3528 hae

134 3591 139 3598 ’
218 3584 337 3648 formae
360 3582 452 3667 plane
475 3584 648 3648 exstinctae
665 3583 738 3664 siut,
754 3623 797 3632 --
815 3585 907 3666 quam
925 3582 1135 3663 conjecturam
1152 3581 1229 3644 satis
1245 3577 1439 3664 probabilem

219 3718 286 3762 esse
315 3698 409 3763 tertia
437 3696 528 3785 hujus
558 3698 780 3782 disputationis
810 3705 901 3783 parte
925 3693 1133 3772 videbimus¹l
1157 3737 1200 3744 -
1225 3701 1308 3760 oerte
1332 3693 1441 3760 titulus

219 3833 249 3876 n.
267 3814 348 3895 479,
379 3814 431 3896 qui
459 3813 515 3877 luas
538 3813 656 3877 formae
680 3814 821 3895 exhibet,
860 3833 923 3877 non
946 3812 1000 3876 din
1024 3794 1096 3896 poet
1118 3809 1165 3875 Ol.
1186 3813 1228 3876 to
1250 3809 1441 3894 compositus

219 3948 287 3993 esse
315 3934 433 4012 potest3
463 3928 606 4010 equidem
640 3929 680 3992 ad
710 3927 757 3993 Ol.
783 3930 824 3992 70
854 3948 925 3992 eum
954 3925 1124 3991 retulerim.
1171 3925 1219 3990 Ex
1249 3926 1308 3989 hac
1336 3931 1440 3989 autem

219 4043 397 4124 conjectura
420 4043 458 4106 de
483 4047 584 4110 aetate
608 4044 745 4107 omnium
771 4044 978 4108 vetustiorum
1001 4042 1240 4125 inscriptionum
1263 4039 1438 4104 Atticarum

219 4164 305 4222 certa
333 4156 409 4222 haee
437 4157 601 4222 deducitur
623 4153 720 4222 ratio:
749 4157 827 4222 Cum
852 4159 885 4223 in
913 4178 965 4240 ee,
994 4176 1085 4241 quem
1109 4155 1325 4237 tractavimus,
1349 4153 1440 4219 titulo

220 4273 260 4336 ad
284 4279 312 4338 a
334 4271 472 4338 litteram
496 4272 721 4353 designandam
741 4273 808 4354 jam
832 4270 1007 4337 noviciaO
1030 4273 1132 4335 forma
1155 4269 1297 4334 adhibita
1319 4269 1371 4351 sit,
1394 4269 1441 4333 fa·

219 4407 289 4453 cere
313 4407 374 4452 non
401 4407 581 4472 possumus,
611 4388 685 4470 quin
711 4387 913 4452 vetustiorem
935 4381 974 4460 Θ
1000 4385 1132 4450 formam
1152 4385 1218 4468 jam
1243 4390 1316 4449 ante
1340 4382 1441 4467 quinti

219 4544 429 4554 m*-

309 4631 331 4700 1)
351 4631 381 4684 ln
400 4631 598 4687 considerando
617 4631 697 4685 titulo
717 4629 746 4684 O.
761 4631 781 4683 1.
796 4629 830 4684 A.
850 4647 877 4684 n.
891 4630 916 4684 5.
