3488 5224
890 357 934 420 42

302 535 403 596 terum
439 531 553 615 ubique
582 551 706 598 summa
733 552 803 597 cum
833 532 1011 598 constantia
1040 531 1144 598 media
1169 525 1201 596 Ν
1224 530 1326 596 forma
1355 535 1524 616 comparet.

300 644 349 712 Ea
378 652 506 729 autem,
528 667 608 730 quae
636 647 831 732 praescripta
861 653 935 712 sunt
962 647 1058 714 verba
1082 643 1302 731 (Ἐρεχθηῒδος
1324 647 1393 712 otds
1416 650 1473 712 etc.
1496 665 1525 711 v.

301 761 413 845 supra)
427 767 458 826 et
473 781 520 845 ea,
544 781 624 845 quae
640 763 832 847 postscriptc
853 769 940 826 sunt:
967 764 1023 846 ,s'v
1039 764 1195 848 Αἰγύπτῳ
1213 764 1377 837 Τελένικος
1392 757 1524 845 ponec?

301 875 417 960 ubique
444 877 660 944 recentissima
690 873 720 942 Ν
750 878 853 943 forma
883 883 1030 960 utuntur,
1062 898 1157 961 quare
1185 877 1256 960 quis
1287 877 1421 942 coniciet
1450 875 1527 942 haec

303 991 398 1057 verba
422 991 460 1058 ab
485 991 545 1057 olio
570 992 706 1075 quodam
730 993 886 1078 scalptore
910 1013 977 1059 esse
1001 993 1115 1076 incisa,
1143 993 1329 1078 praesertim
1355 1013 1451 1076 quum
1474 991 1527 1056 lit·

300 1106 377 1172 teris
401 1106 496 1190 paulo
520 1107 692 1190 majoribus
717 1109 835 1193 scripta
858 1107 932 1173 sint.
969 1108 1035 1174 Hoc
1059 1109 1085 1172 si
1109 1113 1193 1174 recte
1209 1107 1363 1174 conicitur
1378 1127 1442 1172 non
1458 1107 1528 1173 sine

301 1222 574 1288 verisimilitudine
597 1223 671 1288 licet
694 1223 877 1290 existimare
899 1211 967 1287 hoc'
981 1231 1122 1306 tempore
1146 1228 1178 1288 et
1199 1222 1382 1288 inclinatam
1407 1229 1438 1290 ot
1458 1242 1526 1288 erc·

301 1342 383 1402 ctam
416 1337 550 1403 formam
586 1359 677 1404 auum
712 1338 859 1403 habuisse
887 1358 994 1419 usum,
1031 1344 1124 1421 atque
1152 1337 1212 1420 ita,
1248 1344 1283 1402 ut
1311 1338 1526 1421 unusquisque

301 1453 439 1538 scalptor
474 1460 528 1518 aut
557 1454 615 1519 hac
644 1459 698 1518 aut
725 1453 782 1517 illa
809 1453 911 1518 forma
940 1457 1091 1518 uteretur.
1138 1453 1294 1517 Nimirum
1324 1454 1351 1518 si
1381 1452 1451 1536 quis
1480 1452 1526 1518 al-

301 1573 400 1632 teram
425 1569 557 1633 formam
583 1589 736 1653 usurpare
760 1567 889 1650 solebat,
913 1573 1019 1632 tamen
1044 1567 1142 1632 altera
1164 1567 1267 1632 forma
1283 1568 1412 1633 fortuito
1429 1569 1526 1633 inter-

301 1683 376 1748 dum
404 1689 528 1767 poterat
557 1685 584 1748 ei
612 1685 836 1764 intercurrere,
866 1702 935 1746 cum
966 1682 1076 1748 ambae
1098 1683 1218 1748 formae
1241 1688 1334 1748 notae
1358 1688 1390 1748 et
1411 1683 1444 1748 in
1467 1703 1526 1748 usu

302 1804 415 1863 essent.
450 1798 502 1864 Sic
525 1799 558 1863 in
574 1799 737 1864 nominum
753 1797 856 1862 indice
873 1817 1062 1881 quamquam
1079 1797 1265 1883 plerumque
1279 1793 1323 1866 Ν
1335 1799 1438 1864 forma
1452 1817 1527 1866 con-

302 1915 443 1999 spicitur,
467 1920 574 1980 tamen
599 1911 629 1978 Ν
655 1921 702 1978 ter
726 1918 774 1980 est
797 1912 982 1978 admixtum.
1019 1912 1196 1978 Dolendum
1221 1920 1269 1980 est
1291 1914 1350 1980 hac
1372 1935 1407 1980 re
1430 1915 1527 1980 ratio-

301 2050 372 2094 nem
397 2030 647 2112 chronologicam
673 2028 840 2094 admodum
866 2027 1024 2093 difficilem
1048 2027 1127 2111 fieri,
1152 2048 1223 2094 curn
1245 2030 1337 2107 multi
1353 2029 1448 2112 tituli,
1473 2030 1527 2113 qui

304 2143 333 2210 Ν
358 2146 609 2212 recentissimum
633 2144 792 2224 exhibent,
817 2143 1021 2208 nihilominus
1046 2143 1139 2228 paulo
1164 2145 1350 2212 vetustiores
1369 2165 1438 2212 esse
1454 2165 1527 2231 pos-

302 2262 375 2344 sint,
401 2282 493 2344 quam
520 2260 583 2343 alii,
608 2262 641 2325 in
666 2260 778 2343 quibus
794 2259 947 2324 vetustior
962 2255 999 2325 N
1017 2259 1119 2324 forma
1135 2266 1325 2344 compareat.
1362 2260 1425 2327 Sed
1444 2262 1527 2345 ejus-

303 2377 387 2441 modi
423 2375 624 2442 difficultates
654 2375 798 2440 omnibus
829 2375 985 2440 aetatibus
1018 2382 1200 2457 occurrunt,
1237 2376 1348 2458 quihus
1378 2377 1526 2461 antiquae

301 2493 421 2558 formae
444 2493 476 2556 in
501 2491 639 2556 novicius
662 2491 874 2573 mutabantur,
900 2495 931 2554 et
945 2490 1049 2557 facere
1065 2491 1143 2556 nihil
1160 2511 1337 2575 possumus,
1361 2493 1423 2557 nisi
1439 2491 1526 2576 ipsas

302 2608 359 2673 has
386 2606 586 2674 difficultates
610 2625 703 2690 quam
727 2604 901 2671 clarissimo
925 2607 1104 2692 perspicere
1128 2613 1160 2671 et
1182 2626 1307 2689 cavere,
1337 2627 1377 2672 ne
1401 2612 1456 2674 aut
1477 2607 1526 2672 his

304 2722 442 2789 culillis
465 2723 576 2787 formis
599 2721 756 2786 fallamur.

392 2838 513 2903 Deinde
536 2865 558 2903 α
580 2837 705 2903 litterae
727 2837 760 2902 in
783 2837 842 2902 hoo
865 2857 955 2920 quem
977 2842 1150 2903 tractamus
1166 2837 1258 2902 titulo
1274 2837 1385 2902 ambae
1407 2837 1528 2902 formae

304 2953 348 3034 (Α
368 2960 400 3019 et
423 2952 466 3030 A)
491 2955 592 3038 primo
616 2961 745 3038 aspectu
769 2953 862 3038 plane
886 2952 1063 3037 promiscue
1086 2953 1232 3018 videntur
1255 2973 1323 3018 erse
1346 2958 1526 3037 usurpatae,

303 3069 358 3135 sed
381 3069 408 3134 si
433 3070 608 3136 accuratius
633 3076 827 3154 spectamus,
858 3075 965 3134 tamen
988 3069 1094 3152 aliqua
1116 3067 1294 3136 differentia
1317 3069 1524 3150 cognoscitur.

303 3184 381 3250 Cum
406 3185 489 3249 enim
512 3185 673 3250 nominum
697 3185 792 3250 index
816 3185 916 3251 trihus
940 3185 1077 3269 scriptus
1101 3186 1143 3249 sit
1165 3185 1335 3267 columnis,
1359 3171 1439 3250 istae
1463 3185 1527 3249 sin-

303 3300 394 3383 gulae
417 3307 491 3365 sunt
513 3301 766 3366 considerandae.
814 3300 866 3366 Sic
889 3305 994 3366 autem
1019 3306 1151 3385 apparet
1174 3300 1207 3364 in
1228 3300 1473 3385 primoquidem
1497 3305 1528 3366 et

304 3417 401 3482 altero
437 3415 546 3482 ordine
573 3417 728 3481 noviciam
759 3415 947 3483 Aformam
979 3416 1078 3480 multo
1102 3416 1244 3500 saepius,
1268 3436 1361 3497 quam
1388 3412 1418 3488 Α
1443 3434 1527 3480 oom-

304 3552 424 3618 parere,
454 3532 486 3596 in
516 3533 610 3596 tertio
639 3537 742 3597 autern
767 3527 797 3602 A
825 3531 950 3616 saepius
980 3531 1112 3596 inveniri
1143 3547 1236 3614 quam
1261 3530 1302 3598 A.
1349 3531 1396 3596 Ac
1426 3531 1527 3616 prima

304 3647 400 3712 series
425 3646 554 3731 praebet
577 3645 607 3713 A
628 3647 760 3712 formam
785 3646 1004 3728 duodetricies,
1030 3645 1061 3724 Α
1085 3651 1189 3710 autem
1212 3650 1261 3712 ter
1283 3650 1416 3728 tantum,
1441 3650 1473 3711 et
1494 3647 1527 3710 in

303 3762 404 3828 altera
427 3759 457 3827 A
481 3761 614 3826 formam
640 3762 839 3844 undetricies,
864 3749 895 3827 A
919 3760 1022 3826 sexies
1045 3762 1278 3846 conspicimus3
1303 3765 1411 3826 contra
1434 3760 1528 3826 tertia

304 3878 450 3943 columna
473 3876 664 3942 contrarium
689 3877 815 3943 exhibet
838 3897 945 3958 usum,
970 3896 1039 3940 cum
1063 3876 1108 3941 ibi
1132 3876 1291 3959 obliquum
1315 3875 1345 3945 A
1369 3875 1528 3942 duodetri-

304 3994 377 4076 cies,
403 3991 552 4059 Aautem
578 3993 725 4060 libratum
743 3991 959 4058 tantummodo
976 3990 1141 4056 duodecies
1163 3991 1298 4056 incisum
1322 3992 1373 4056 sit.
1420 3991 1528 4075 ltaque
1576 4075 1585 4082 ί

305 4109 397 4174 etiam
411 4089 474 4172 ‘hic
496 4128 558 4172 nen
583 4111 650 4174 sine
673 4129 767 4174 causa
783 4109 882 4173 conici
898 4112 1003 4191 potest
1018 4106 1139 4191 priores
1156 4107 1317 4172 columnas
1333 4127 1397 4171 non
1420 4106 1527 4172 eodem

303 4244 401 4288 manu
424 4230 569 4290 exaratos
593 4244 661 4290 esse
677 4230 770 4307 atque
786 4223 923 4304 tertiam,
947 4229 978 4288 et
1001 4222 1040 4287 de
1063 4248 1085 4286 α
1107 4221 1213 4288 littera
1235 4222 1318 4288 idem
1335 4221 1526 4307 opinandum

304 4345 363 4424 est,
387 4339 469 4424 quod
493 4339 532 4406 de
554 4340 604 4425 Ny
627 4337 886 4404 memoravimus:
916 4336 994 4402 alios
1018 4337 1190 4433 scalptores
1222 4338 1426 4403 vetustiorem
1450 4337 1528 4402 alios

304 4457 458 4523 noviciam
493 4457 627 4520 formam
664 4452 889 4538 anteposuisse.
946 4451 1007 4518 Sed
1043 4473 1105 4518 non
1139 4473 1219 4535 nego
1246 4452 1326 4517 hanc
1349 4452 1527 4537 opinionem

305 4591 362 4638 nec
385 4571 424 4637 de
442 4570 503 4658 Ny,
526 4589 585 4635 nec
607 4569 645 4638 de
669 4595 691 4634 α
715 4567 820 4635 littera
844 4568 937 4653 plane
961 4588 1053 4654 posse
1077 4569 1285 4653 comprobari,
1310 4587 1381 4634 cum
1404 4567 1528 4633 litterae
