3488 5224
787 366 828 432 27

194 542 387 623 singularum
427 541 605 606 litterarum
641 543 777 627 speciem
816 544 1082 629 simplicissimam
1118 551 1150 608 et
1184 543 1419 608 stabilissimam

195 657 376 741 pervenisse
403 662 541 740 constat,
571 659 705 742 septimo
735 659 859 724 saeculo
883 659 996 744 Koppa
1025 657 1282 724 litterafirmum
1311 657 1421 724 habuit

196 793 304 855 usum,
330 793 399 837 oum
424 772 508 837 tituli
532 773 578 837 illi
603 773 879 856 mercenariorum,
905 775 957 857 qui
982 775 1089 840 eadem
1114 774 1180 840 fere
1204 780 1306 840 aetate
1329 774 1421 839 incisi

195 894 285 970 sunt,
315 909 376 972 qua
400 887 499 974 Cylon
524 889 657 953 Athenis
688 889 829 972 vigebat,
859 891 1036 972 ubicunque
1065 891 1186 955 occasio
1215 898 1283 955 erut
1306 889 1421 972 oblata,

195 1003 275 1069 hanc
308 1003 445 1069 litteram
482 1002 692 1088 exhibeant¹).
741 1004 840 1083 Quam
879 1005 918 1070 ob
952 1025 1018 1070 rem
1049 1006 1194 1089 equidem
1225 1012 1300 1090 puto
1328 1005 1421 1087 hunc,

196 1139 287 1202 quem
311 1120 526 1202 tractavimus
551 1120 676 1185 titulum
705 1121 743 1185 ad
769 1122 973 1205 posteriorem
999 1121 1155 1205 quendam
1179 1121 1328 1207 Cylonem
1353 1140 1422 1186 esse

196 1234 393 1300 referendum
418 1241 450 1300 et
473 1235 581 1300 eadem
604 1236 670 1300 fere
694 1240 796 1302 aetate
820 1237 1027 1321 compositum
1053 1257 1131 1320 esse,
1156 1257 1218 1320 qua
1240 1235 1350 1301 titulus
1373 1234 1422 1300 si-

196 1351 319 1433 geensis
344 1351 543 1432 exarabatur,
568 1371 660 1434 quem
686 1357 717 1416 et
740 1352 842 1436 ipsum
863 1353 929 1436 jam
947 1352 1061 1438 Kappa
1084 1372 1142 1438 pro
1167 1352 1295 1435 antiquo
1310 1351 1423 1436 Kuppa

196 1466 348 1552 praebere
372 1471 699 1551 supramemoratum
725 1473 781 1532 est.
1024 1468 1029 1475 '

279 1769 301 1833 I
305 1769 338 1834 V.
375 1769 426 1834 De
450 1793 485 1834 eu
509 1783 619 1851 aetate,
645 1793 709 1855 pou
732 1774 865 1856 spiritua
889 1773 998 1857 asperi
1020 1773 1154 1856 antiqua
1177 1769 1214 1840 Ε
1229 1768 1345 1853 fornae

700 1889 736 1950 o'n
758 1910 819 1950 usu
843 1899 918 1952 erat.

285 2041 427 2107 Primum
451 2045 684 2110 consideremus
709 2044 817 2109 titulos
840 2065 871 2108 n.
898 2045 965 2110 470
988 2049 1020 2108 et
1042 2045 1119 2126 471,
1145 2045 1196 2126 qui
1222 2042 1331 2108 eodem
1354 2042 1421 2107 loco

196 2159 329 2242 reperti,
359 2157 527 2244 alphabeto
558 2160 635 2225 adeo
664 2161 786 2243 aequali
818 2167 963 2242 utuntur,
997 2166 1031 2224 ut
1059 2159 1196 2224 dubitari
1227 2178 1288 2223 non
1313 2159 1422 2243 possit,

197 2275 272 2357 quin
297 2274 388 2339 ambo
412 2275 438 2338 si
462 2295 524 2340 non
549 2277 656 2341 eadem
682 2297 776 2341 rnanu
801 2283 884 2342 certe
908 2276 1015 2341 eodem
1041 2281 1183 2359 tempore
1207 2275 1270 2339 sint
1292 2275 1421 2340 exarati.

197 2389 353 2454 Nimirum
383 2391 414 2454 in
446 2391 544 2456 altero
573 2396 695 2456 tuntum
726 2391 817 2457 titulo
847 2392 947 2474 (471)
973 2392 1103 2476 spiritus
1127 2390 1308 2475 ‘usurpandi
1337 2390 1422 2454 locus

197 2512 281 2586 erat3
306 2505 478 2571 sedetiam
505 2506 638 2571 alterum
663 2507 702 2570 ad
727 2507 857 2572 eandem
883 2512 1016 2572 aetatem
1042 2506 1251 2572 revocandum
1276 2526 1344 2570 esse
1368 2525 1423 2590 ap-

198 2628 297 2704 paret.
345 2620 486 2686 Primum
511 2623 592 2687 enim
627 2642 712 2688 num.
737 2625 803 2690 470
827 2625 989 2708 antiquum
1014 2617 1258 2694 &constanter
1286 2621 1422 2702 exhibet,

198 2735 310 2801 deinde
333 2737 475 2819 singulae
499 2738 662 2821 utriusque
686 2739 769 2803 tituli
793 2739 936 2822 litterae,
965 2740 991 2804 si
1016 2740 1097 2803 inter
1127 2758 1160 2802 se
1190 2744 1423 2822 comparantur,

198 2872 351 2916 summam
389 2853 625 2918 similitudinem
663 2855 824 2938 praebent.
872 2856 1030 2941 Imprimis
1065 2853 1196 2919 caninae
1231 2853 1355 2918 litterae
1390 2853 1422 2916 in

198 2973 309 3033 neutro
333 2969 423 3034 titulo
448 2971 539 3036 hasta
562 2977 609 3036 est
633 2971 796 3054 producta,
821 2974 865 3037 ita
893 2979 928 3036 nt
958 2991 1031 3036 rara
1058 2970 1114 3034 illo
1139 2966 1166 3036 D
1190 2969 1292 3033 forma
1315 2966 1425 3032 effecta

198 3084 248 3148 sit.
296 3084 419 3154 Deinde
443 3090 544 3154 omnis
568 3087 746 3152 litteratura
769 3088 930 3171 cujusdam
954 3087 1163 3169 negligentiae
1187 3085 1322 3170 speciem
1349 3103 1425 3168 prae

199 3219 233 3264 se
255 3200 333 3281 fert,
359 3198 440 3282 quod
465 3200 602 3267 maxime
629 3203 806 3268 litterarum
832 3229 865 3285 a,
888 3230 922 3287 p,
945 3228 964 3268 ν
986 3202 1096 3266 formis
1121 3200 1319 3284 perspicitur.
1367 3201 1425 3262 At·

199 3323 304 3382 tamen
330 3337 392 3380 non
416 3325 582 3398 prouertu
606 3319 819 3383 contenderim
849 3326 1017 3399 utrumque
1046 3316 1171 3382 titulum
1197 3315 1305 3380 eadem
1330 3334 1424 3378 manu

199 3452 267 3497 esse
290 3433 442 3515 incisum,
473 3453 543 3498 cum
574 3435 697 3500 litterae
721 3461 741 3516 χ
764 3441 795 3498 et
818 3454 838 3499 σ
858 3435 890 3497 in
916 3432 1013 3497 altero
1038 3431 1068 3498 Χ
1092 3440 1124 3496 et
1147 3425 1184 3514 5,
1213 3431 1245 3495 in
1270 3423 1425 3500 altero-l·

199 3554 231 3614 et
254 3547 282 3619 ἔ
306 3547 424 3612 formas
452 3550 629 3616 exhibeant.
677 3549 914 3616 Memorandum
948 3554 996 3612 est
1024 3550 1056 3612 in
1087 3547 1178 3613 titulo
1207 3567 1237 3610 n.
1266 3546 1347 3626 471,
1372 3545 1424 3611 ubi

200 3667 363 3760 antiquum
380 3663 417 3736 Ε
434 3673 544 3748 quater
560 3672 731 3751 comparet,
756 3665 910 3730 elitlerae
926 3664 1048 3729 hastam
1062 3668 1193 3748 excepto
1206 3684 1267 3727 uno
1281 3661 1424 3746 exemplo

198 3800 261 3843 non
286 3781 469 3865 productam
495 3802 573 3864 esse,
598 3803 658 3866 qua
682 3803 715 3847 re
739 3781 926 3862 intelligitur
950 3782 1016 3864 jam
1043 3787 1114 3845 ante
1138 3779 1275 3843 medium
1300 3784 1423 3843 sextum

199 3894 357 3960 saeculum
372 3910 403 3962 ἐ
426 3897 549 3962 litterae
573 3873 869 3962 mediamformam
903 3903 1028 3981 praeter
1059 3895 1311 3977 antiquissimum
1335 3894 1364 3978 β
1392 3893 1424 3957 in

127 3993 129 3995 ¹
201 4031 258 4074 usu
281 4013 400 4076 versari
429 4013 577 4096 coepisse.
626 4012 743 4077 Contra
771 4013 804 4076 in
828 4033 858 4076 n.
883 4013 950 4074 470
979 4010 1057 4075 haec
1087 4009 1241 4103 recentior
1263 4009 1365 4073 forma
1390 4006 1421 4086 Ε

200 4126 296 4191 semel
319 4132 441 4192 tantum
467 4127 667 4211 conspicitur.

290 4241 428 4307 Transeo
458 4244 496 4307 ad
531 4243 711 4307 tractandos
745 4241 853 4308 titulos
882 4262 913 4305 n.
937 4243 1002 4306 466
1033 4247 1064 4305 et
1092 4242 1168 4323 467,
1201 4240 1254 4322 qui
1284 4239 1423 4302 omnium
1518 4248 1523 4259 '

200 4357 377 4422 Atticarum
394 4360 636 4445 inscriptionum
653 4358 712 4423 suli
728 4357 948 4441 antiquissima
964 4355 1019 4421 illa
1035 4357 1193 4442 scriptura
1208 4354 1424 4420 sinistrorsum

291 4517 311 4578 ι)
335 4512 376 4570 cf.
395 4516 549 4572 Kirohlroff:
576 4514 654 4570 Stud.
674 4531 697 4568 u.
718 4513 817 4569 Gesclr.
837 4512 864 4567 d.
885 4512 987 4583 griech.
1008 4512 1089 4583 Alph.
1111 4529 1137 4582 p.
1152 4513 1199 4580 32,
1218 4527 1293 4565 num.
1309 4512 1333 4578 l,
1350 4527 1378 4564 v.
1393 4511 1425 4582 5,

201 4621 229 4674 p.
242 4605 276 4658 33
294 4620 369 4658 num.
383 4605 408 4658 5.
