3488 5224
909 358 952 423 22

318 557 416 602 annos
441 536 545 602 olea
570 541 601 601 et
624 536 671 601 Ol.
690 538 742 618 68,
767 537 870 601 lacere
893 555 955 599 non
979 554 1118 620 possum,
1144 534 1219 617 quin
1243 533 1326 597 huno
1348 532 1472 597 titulum
1497 551 1543 596 aa.

319 653 367 720 Ol.
385 655 429 719 60
452 657 614 717 exaratum
640 672 708 717 esse
732 652 893 716 oonieiam.
932 651 981 716 Ad
1006 669 1099 733 quam
1124 650 1303 739 opinionem
1325 648 1399 713 solis
1420 647 1544 732 palaeo-

317 767 477 853 graphiois
507 767 610 832 oausis
640 767 792 848 addueor3
823 767 973 832 historioa
1003 770 1187 848 argumenta
1216 785 1279 829 non
1303 764 1444 845 obstant,
1475 783 1543 828 oum

319 884 447 966 Sigeum
472 903 508 948 eo
531 889 674 968 tempore
697 885 730 947 in
753 882 993 950 Atheniensium
1020 886 1175 965 potestate
1197 881 1295 946 fuisse
1317 877 1478 956 constet).

407 998 519 1064 Eidem
555 1000 621 1065 fere
656 1001 753 1064 aetati
789 999 914 1064 videtur
949 1017 1017 1063 esse
1053 995 1236 1062 tribuendus
1264 995 1375 1060 titulus
1403 995 1437 1060 Ο.
1461 994 1482 1059 l.
1505 995 1543 1062 A.
1672 1073 1675 1081 Ι

318 1135 349 1179 n.
372 1115 453 1196 332,
489 1115 541 1197 qui
576 1115 716 1179 omnium
751 1115 946 1199 publicorum
983 1113 1065 1178 sexti
1093 1132 1173 1177 saee.
1195 1111 1358 1177 titulorum
1390 1110 1474 1176 solus
1505 1109 1545 1175 ad

318 1235 428 1295 nostra
462 1236 607 1314 tempora
635 1231 787 1314 pervenit.
835 1230 990 1314 Repertus
1024 1235 1072 1294 est
1100 1249 1118 1292 a
1146 1227 1355 1307 Fourmonto,
1389 1226 1477 1309 eujus
1506 1245 1544 1289 ex

319 1344 442 1410 sahedis
464 1326 640 1410 Boeekhius
671 1366 741 1411 eum
770 1345 868 1410 edidit
891 1343 927 1409 0.
944 1344 967 1409 Ι.
985 1343 1021 1409 G.
1039 1364 1069 1408 ιι.
1088 1345 1140 1408 97.
1185 1341 1281 1427 Lapis
1304 1343 1373 1426 ipse
1392 1341 1458 1425 jam
1482 1359 1544 1404 non

320 1467 434 1542 exstat,
459 1481 520 1544 qua
543 1481 578 1526 re
602 1460 667 1524 solo
692 1482 730 1526 ex
754 1459 940 1525 Fourmonti
963 1459 1145 1544 apographo
1170 1457 1208 1523 de
1224 1457 1428 1543 inscriptione
1443 1462 1546 1542 potest

319 1575 504 1641 existimari.
551 1574 593 1640 Et
617 1593 812 1660 quamquam
843 1576 936 1641 etiam
968 1575 1027 1639 hoo
1055 1573 1251 1658 exemplum,
1289 1573 1378 1638 sieut
1397 1573 1546 1658 pleraque

318 1697 424 1756 oetera
447 1689 632 1755 Fourmonti
663 1691 860 1776 apographa,
891 1711 1002 1775 parum
1034 1696 1177 1754 aoeurate
1201 1696 1233 1755 et
1255 1689 1423 1754 admodum
1448 1688 1546 1770 negli-

318 1811 428 1888 genter
453 1806 646 1891 exscriptum
672 1814 730 1889 est,
755 1813 861 1871 tamen
885 1806 1012 1888 genuini
1034 1805 1210 1871 litterarum
1228 1805 1339 1870 duatus
1357 1805 1457 1870 adhuc
1473 1824 1546 1889 pos·

319 1927 393 1987 sunt
422 1923 559 2004 agnosci.
608 1921 801 2007 Comparent
827 1923 947 1986 formae
975 1920 1048 1985 illae
1072 1921 1319 1986 vetustissimae:
1345 1914 1399 2004 Θ,
1425 1918 1480 2004 so,
1504 1920 1545 2004 ll,

319 2037 370 2124 Ε,
400 2033 447 2120 Α,
473 2031 514 2117 53
544 2037 675 2121 spiritus
700 2058 792 2121 asper
816 2058 889 2102 easu
914 2037 1011 2117 deest,
1037 2057 1133 2119 quare
1157 2036 1323 2119 dijudioari
1346 2057 1408 2101 non
1433 2043 1546 2121 potest,

319 2159 425 2218 utrum
456 2153 498 2218 sit
526 2153 576 2216 hio
606 2152 716 2217 titulus
741 2152 882 2235 Sigeensi
913 2159 1116 2217 monumento
1144 2152 1297 2218 vetustior
1327 2172 1365 2216 an
1396 2152 1545 2236 aequalis.

322 2267 486 2333 Scribendi
510 2268 591 2332 ratio
616 2269 731 2352 partim
757 2277 804 2333 est
821 2267 1042 2352 'bustrophioa
1066 2268 1181 2351 partim
1207 2268 1291 2333 ducti
1316 2273 1390 2332 sunt
1405 2251 1548 2334 versusa

322 2384 450 2448 sinistra
484 2383 517 2447 in
553 2383 725 2448 dexteram.
772 2383 897 2448 Primus
927 2403 1034 2448 versus
1063 2384 1278 2448 sinistrorsum
1309 2389 1444 2469 speetat;
1480 2392 1546 2450 tum

322 2506 427 2564 autem
459 2498 597 2584 sculptor
627 2499 750 2565 videtur
777 2499 925 2564 ineidisse
954 2499 986 2562 in
1010 2499 1165 2563 noviciam
1191 2500 1395 2584 scripturam,
1425 2521 1549 2585 quaea

323 2615 453 2680 sinistra
476 2613 694 2699 proficiscitur.
743 2614 795 2680 Sia
819 2615 877 2678 hoo
901 2616 991 2679 titulo
1016 2615 1109 2699 plane
1133 2614 1346 2699 confirmatur,
1375 2618 1458 2699 quod
1481 2617 1548 2700 qui-

322 2730 394 2795 dem
424 2751 520 2813 supra
549 2733 744 2813 monuimus,
774 2731 1008 2815 bustrophioam
1042 2731 1230 2814 scripturam
1262 2751 1385 2796 summa
1413 2753 1482 2798 oum
1510 2733 1548 2796 li-

323 2846 427 2912 eentia
451 2866 469 2910 a
493 2845 702 2930 scalptoribus
728 2846 776 2911 vel
801 2852 984 2929 usurpatam
1010 2866 1089 2928 esse,
1113 2845 1162 2910 vel
1187 2846 1371 2929 neglectam.

413 2961 463 3025 Ad
494 2960 576 3026 hune
599 2963 740 3026 ordinem
766 2947 860 3046 porro
884 2962 1052 3026 revocandi
1076 2969 1149 3026 sunt
1172 2962 1256 3027 tituli
1280 2962 1314 3027 0.
1332 2962 1355 3027 l.
1372 2965 1412 3028 A.
1435 2984 1465 3028 n.
1483 2966 1547 3029 468

324 3084 356 3143 et
378 3078 453 3142 469.
497 3075 613 3162 Soripti
638 3077 762 3162 quidem
788 3097 848 3141 non
874 3083 947 3142 sunt
969 3080 1227 3164 peoorpoppdo'v3
1253 3085 1394 3144 attamen
1419 3086 1548 3165 propter

324 3193 449 3279 plenam
479 3192 637 3279 alphabeti
668 3195 837 3278 paritatem
861 3193 1017 3278 prioribus
1042 3194 1142 3260 titulis
1167 3196 1300 3261 seriores
1325 3215 1479 3260 essenon
1504 3197 1549 3260 ui·

325 3311 446 3375 dentur.
482 3308 694 3392 Reperiuntur
716 3310 836 3374 formae
859 3308 909 3394 Θ,
940 3312 994 3393 Μ,
1020 3308 1065 3393 Ν,
1093 3308 1144 3392 ξς
1168 3313 1200 3377 in
1224 3332 1255 3376 n.
1272 3313 1338 3377 469
1356 3312 1481 3395 quidem
1498 3311 1549 3375 lit-

324 3432 411 3492 terae
438 3425 515 3490 adeo
541 3431 614 3489 sunt
637 3424 774 3506 deletae,
803 3431 839 3490 ut
861 3426 894 3490 in
918 3433 946 3492 a
968 3427 1090 3510 littera,
1121 3448 1200 3512 quae
1224 3428 1441 3493 tantummodo
1467 3431 1549 3492 vs.3

326 3548 445 3623 exstat,
469 3541 570 3605 arueis
594 3541 728 3622 vestigia
747 3542 814 3623 jam
839 3562 901 3605 non
924 3544 1047 3627 possint
1070 3543 1221 3628 perspici,
1250 3543 1304 3607 sed
1329 3550 1457 3627 propter
1481 3563 1548 3607 eam

327 3656 524 3739 antiquitatis
548 3656 702 3739 speeiem,
733 3677 835 3740 quam·
852 3678 959 3722 omnes
983 3680 1059 3742 prae
1083 3679 1116 3722 se
1138 3659 1244 3723 ferunt
1266 3659 1390 3724 litterae
1414 3659 1550 3724 dubitari

326 3772 450 3856 nequit,
481 3771 556 3854 quin
579 3769 616 3841 Θ
644 3772 746 3835 forma
769 3772 842 3836 olim
868 3774 966 3837 ineisa
994 3775 1098 3838 fuerit.
1145 3773 1223 3838 Cum
1248 3773 1435 3857 inutraque
1459 3773 1549 3838 titulo

327 3887 499 3971 usurpandi
524 3887 655 3972 spiritus
680 3888 784 3971 asperi
808 3909 881 3953 easu
906 3909 967 3953 non
985 3890 1080 3953 fruerit
1096 3889 1191 3970 laeua,
1216 3889 1368 3954 incertum
1386 3895 1444 3971 est,
1469 3889 1551 3973 quod

328 4003 367 4068 ad
396 4009 521 4086 tempus
550 4002 582 4066 hi
610 4003 694 4067 tituli
718 4004 905 4087 pertineant.
953 4004 1064 4088 Koppa
1088 4003 1193 4068 littera
1217 4005 1312 4068 etiam
1336 4005 1387 4069 bie
1409 4006 1551 4088 neglecta

328 4124 386 4202 est,
410 4138 599 4201 quamquam
624 4118 656 4181 in
680 4119 745 4183 469
770 4120 853 4182 vsi
877 4140 951 4184 vooe
974 4121 1069 4204 κούρη
1092 4120 1224 4185 facultas
1249 4128 1317 4185 erat
1340 4120 1454 4186 oblata.

416 4234 487 4299 Jam
517 4234 716 4298 considerare
747 4233 779 4297 in
811 4234 915 4298 animo
945 4234 1043 4300 habeo
1075 4235 1200 4300 titulum
1232 4237 1386 4318 quendam
1417 4235 1550 4317 donarii,

328 4351 443 4416 multas
477 4350 516 4415 ob
550 4369 661 4414 causas
689 4349 941 4416 memorabilem:
974 4350 1008 4416 6.
1033 4350 1265 4417 1.A.n.355.
1313 4350 1550 4416 Monumentum

328 4510 539 4518 Ι.--------.-

418 4597 438 4658 1)
457 4593 498 4648 Ol.
511 4595 642 4649 Herodot.
659 4595 691 4662 V,
710 4596 744 4648 65
763 4602 792 4648 et
810 4596 853 4649 94.
