3488 5224
913 345 956 409 32

321 551 336 589 ε
364 524 488 589 litterae
517 529 697 589 constanter
726 523 828 588 media
863 523 918 586 illa
945 517 1102 602 formaE
1133 528 1309 607 comparet,
1338 540 1417 604 utrae
1447 526 1549 585 traus-

214 648 216 651 ’
322 659 429 704 versas
453 639 579 722 quidem
604 640 702 704 lineas
727 638 885 722 obliquas,
917 638 1039 703 hastam
1063 644 1168 705 autem
1187 639 1254 722 jam
1278 658 1341 701 non
1366 636 1549 720 productam

242 784 248 799 ν
321 755 425 820 habet.
472 755 561 821 Hunc
583 754 718 820 formam
738 756 803 838 jam
829 755 860 818 in
884 755 1106 820 vetustissimis
1130 755 1194 820 illis
1213 754 1325 836 titulis,
1350 753 1403 836 qui
1419 751 1549 853 spiritus

325 872 430 956 asperi
461 871 591 954 antiqua
619 867 656 942 Ε
682 871 785 935 forma
821 877 965 952 utuntur,
996 871 1128 955 reperiri
1163 891 1260 955 supra
1287 857 1432 934 vidimus.
1479 865 1550 951 Ipse

322 987 451 1071 spiritus
475 1006 569 1071 asper
592 987 625 1051 in
650 986 708 1050 hoc
731 985 822 1050 titulo
846 986 976 1050 fortuito
1001 986 1099 1069 deest,
1124 987 1177 1050 sed
1201 985 1255 1050 illo
1271 984 1422 1069 temporis
1447 983 1549 1068 spatio

322 1103 469 1188 spiritum
491 1103 558 1185 jam
584 1098 614 1167 Η
639 1103 773 1166 formum
798 1101 944 1166 habuisse
969 1103 1110 1167 conicere
1133 1122 1316 1186 possumus,
1341 1120 1410 1165 cum
1435 1101 1466 1164 in
1490 1119 1549 1163 usu

322 1218 489 1285 ulittcrae
513 1219 754 1283 inconstantiam
787 1219 873 1283 illam
904 1218 1150 1302 conspiciamus,
1183 1238 1262 1301 quae
1291 1223 1431 1282 extremo
1459 1219 1549 1280 sexto

322 1332 446 1399 sacculo
470 1332 609 1416 vulgaris
633 1339 709 1398 erat.
757 1333 935 1418 Usurpatae
960 1333 1043 1398 enim
1067 1338 1140 1398 sunt
1168 1334 1344 1417 promiscue
1367 1333 1487 1397 formae
1515 1332 1546 1398 Ν

323 1457 354 1515 et
369 1445 417 1532 Ν,
442 1456 535 1533 atque
558 1449 616 1513 hoc
640 1449 788 1513 indicium
814 1450 891 1514 tanti
918 1455 966 1514 est
981 1450 1142 1532 momenti,
1166 1457 1201 1513 ut
1225 1469 1263 1513 ex
1287 1469 1323 1513 eo
1340 1448 1416 1529 solo,
1440 1467 1550 1530 quarn-
1665 1495 1667 1500 ,

322 1584 415 1648 quam
439 1593 462 1650 μ
486 1565 591 1629 littera
614 1585 688 1630 casu
712 1565 922 1648 desideratur,
954 1566 992 1630 de
1021 1571 1123 1631 aetate
1153 1564 1236 1630 tituli
1267 1565 1445 1647 conjectura
1472 1564 1549 1628 satis

322 1686 409 1746 certa
431 1680 498 1746 fieri
529 1681 638 1764 possit.
685 1679 888 1746 Revooandus
917 1682 1000 1747 enim
1030 1688 1078 1746 est
1109 1681 1148 1746 ad
1177 1679 1282 1746 eoru'm
1307 1679 1470 1745 titulorum
1500 1700 1550 1743 or-

322 1797 443 1878 dinem,
473 1816 563 1880 quem
596 1795 634 1860 ud
665 1816 762 1861 anuos
794 1795 840 1862 Ol.
873 1798 1004 1863 62-68
1038 1797 1195 1882 pertinere
1223 1817 1319 1882 supra
1350 1795 1547 1879 conjecimus.

322 1910 415 1977 Certe
439 1911 535 1993 igitur
558 1911 624 1993 hic,
655 1932 746 1994 quern
771 1918 959 1995 tractamus,
990 1913 1100 1977 titulus
1132 1914 1240 1996 quinto
1264 1911 1387 1977 saeculo
1412 1912 1550 1976 anterior

323 2033 385 2107 est3
410 2033 515 2112 potest
539 2034 651 2092 autem
668 2029 859 2113 compositus
884 2049 951 2094 esse
970 2028 1038 2112 jam
1062 2049 1107 2093 ea.
1126 2048 1240 2093 annum
1259 2029 1324 2092 530
1340 2049 1367 2092 a.
1385 2026 1456 2092 Chr.
1487 2026 1549 2090 Eo-

323 2143 392 2208 dem
419 2142 511 2206 modo
536 2163 651 2227 ponere
675 2143 750 2208 licet
766 2142 929 2209 Eudoeum
955 2150 1009 2209 aut
1032 2145 1168 2227 ineunte,
1193 2149 1247 2208 aut
1271 2163 1368 2228 prope
1392 2151 1463 2207 acta
1483 2143 1547 2225 jam

323 2263 425 2324 aetate
447 2257 531 2323 huno
553 2259 679 2324 titulum
705 2259 895 2324 exaravisse.
943 2259 1061 2337 Quodsi
1083 2260 1321 2344 inscriptionem
1352 2258 1478 2342 quidem
1501 2277 1548 2322 ca.

323 2374 370 2440 01.
396 2377 448 2458 62,
474 2394 533 2458 quo
558 2380 699 2459 tempore
723 2376 875 2440 vetustior
906 2376 960 2439 vix
990 2382 1093 2461 potest
1123 2376 1248 2457 haberi,
1278 2381 1439 2440 exaratam
1470 2393 1547 2455 esse,

321 2490 485 2556 Endoeum
510 2497 613 2556 autem
639 2510 674 2556 eo
698 2498 839 2589 tempore
858 2492 925 2575 jam
951 2512 1056 2557 senem
1080 2492 1177 2558 fuisse
1200 2491 1388 2574 conicimus,
1417 2493 1549 2575 apparet

322 2627 393 2672 eum
421 2607 504 2673 inter
526 2606 574 2672 Ol.
599 2609 642 2672 53
667 2607 731 2672 fere
755 2613 786 2672 et
808 2606 855 2672 ol.
882 2611 923 2674 63
953 2607 1110 2691 floruisse,
1147 2614 1178 2673 et
1205 2613 1441 2674 monumentum
1469 2606 1548 2671 illud

323 2721 458 2789 uGallia
481 2722 657 2788 dedicatum
683 2723 721 2787 ad
738 2722 870 2789 Calliam
894 2725 1045 2808 majorem
1062 2731 1138 2790 natu
1156 2726 1322 2810 pertinere.
1371 2722 1426 2788 Sin
1443 2727 1546 2787 autem

323 2837 449 2902 titulum
474 2837 512 2903 de
537 2859 597 2922 quo
623 2840 744 2921 agimus
768 2859 814 2904 ca.
833 2838 880 2905 Ol.
898 2841 940 2906 68
965 2841 1088 2906 demum
1114 2847 1207 2925 atque
1231 2840 1270 2905 ab
1293 2840 1421 2905 Endoeo
1435 2841 1548 2924 juvene

322 2953 455 3019 incisum
481 2974 550 3020 esse
573 2954 727 3038 volumus,
753 2961 888 3020 aetatem
913 2956 980 3039 ejus
1004 2955 1094 3021 aunis
1111 2956 1159 3023 ol.
1177 2957 1306 3022 (tt-77
1325 2957 1459 3023 fortusse
1475 2976 1548 3021 con·

322 3070 416 3134 tineri
439 3090 501 3134 non
525 3076 630 3154 potest
652 3072 769 3153 negari.
818 3072 989 3137 Certiorem
1020 3078 1051 3137 et
1082 3073 1307 3138 accuratiorem
1337 3073 1546 3155 conjecturam

323 3185 389 3251 solu
413 3207 451 3252 ex
475 3186 658 3252 tituloiieri
687 3208 750 3252 non
784 3208 875 3272 posse
904 3187 994 3253 valde
1024 3189 1192 3254 dolendum
1217 3194 1273 3254 est.
1322 3188 1383 3253 Sed
1407 3188 1446 3253 ob
1471 3188 1547 3253 alias

323 3320 432 3366 causas
457 3323 513 3367 nos
537 3302 661 3385 quidem
687 3323 742 3386 pro
768 3308 852 3368 certo
869 3303 1020 3369 habemus
1035 3304 1198 3370 Endoeum
1216 3305 1321 3390 potius
1344 3305 1384 3369 ad
1410 3305 1546 3370 medium

323 3423 445 3482 sextum
471 3419 628 3483 saeculum
655 3438 748 3501 quam
774 3419 813 3483 ad
837 3419 937 3503 quinti
961 3421 1076 3486 saeculi
1099 3421 1223 3485 initium
1248 3421 1445 3486 referendum
1470 3440 1547 3485 esse.

323 3533 356 3597 ld
381 3534 462 3598 enim
489 3534 591 3598 clucet
613 3554 651 3598 ex
675 3534 714 3598 iis
732 3534 832 3599 titulis
856 3535 909 3618 qui
926 3535 1093 3601 Aristoolis
1117 3537 1261 3601 statuarii
1285 3558 1398 3602 nomen
1423 3557 1499 3622 prae
1515 3556 1548 3600 se

321 3648 437 3730 ferunt,
454 3669 545 3732 quam
565 3650 603 3715 ob
619 3671 684 3714 rem
703 3670 785 3715 nuno
802 3640 841 3715 ad
854 3651 930 3716 hacc
943 3659 1145 3717 monumenta
1161 3654 1324 3718 tractanda
1339 3659 1547 3718 transcamus.

701 3962 747 4026 II.
784 3963 836 4027 Dc
858 3964 1016 4028 Attouda
1039 3965 1168 4046 artefice.

413 4110 445 4176 Si
468 4112 590 4177 Eudoci
614 4118 749 4178 aetatem
766 4112 908 4179 homiues
932 4114 1014 4179 docti
1031 4135 1092 4179 non
1117 4136 1224 4181 omnes
1249 4116 1287 4180 ad
1312 4115 1453 4200 quintum
1480 4135 1548 4180 sae-

225 4238 228 4244 '
322 4227 426 4292 culum
449 4227 640 4311 retulerunt,
671 4228 726 4293 sed
749 4229 890 4293 nonnulli
921 4250 991 4295 eum
1020 4231 1123 4296 medio
1148 4239 1236 4298 sextu
1261 4231 1383 4298 saeculo
1405 4230 1549 4298 floruisse

323 4343 444 4427 opinati
469 4350 551 4427 sunt,
575 4343 764 4410 Aristoclem
781 4346 968 4410 statuarium
984 4367 1084 4431 prope
1100 4367 1208 4412 omnes
1224 4348 1423 4413 consentiunt
1439 4347 1547 4432 quinto

322 4460 446 4526 saeculo
471 4480 539 4526 esse
561 4459 772 4526 tribuendum.
819 4459 867 4525 De
890 4461 1017 4527 Endoeo
1042 4464 1125 4528 enim
1148 4470 1252 4530 certae
1275 4484 1325 4529 res
1350 4485 1368 4530 a
1391 4463 1549 4530 Pausania

322 4576 457 4642 traditae
481 4582 563 4642 sunt.
611 4575 753 4642 Primum
781 4576 881 4641 fertur
904 4577 1038 4643 Daedali
1067 4579 1240 4665 discipulus
1270 4581 1382 4664 fuisse,
1414 4601 1548 4664 eumque
