3488 5224
792 345 959 442 οι]

15 561 16 564 ¹
116 613 123 618 .
199 529 333 595 Gemma
368 531 542 598 etLamda
569 534 744 599 litterarum
769 536 889 602 formae
914 543 987 602 sunt
1011 537 1043 604 Λ
1067 544 1098 603 et
1123 535 1158 617 l3
1190 535 1224 605 Ο
1247 540 1429 606 formatri-

199 646 312 731 plieom
342 653 529 733 potestatem
555 675 582 733 o,
608 677 643 733 ω,
668 675 706 718 oo
734 671 880 716 sonorum
908 652 1045 736 obtinet,
1076 653 1184 719 eodem
1210 654 1303 719 modo
1331 654 1363 738 Ε
1389 658 1428 722 ad

200 762 409 845 designandas
433 741 555 830 litteras
579 792 606 842 a,
629 793 660 852 η,
685 794 713 832 ει
737 768 912 850 adhibetur,
938 768 991 834 sed
1016 775 1051 834 ut
1075 789 1311 855 nonnumquam
1326 772 1359 837 in
1378 793 1428 838 ce·

198 878 274 942 teris
298 879 398 944 titulis
423 880 552 963 Atticis,
584 883 630 946 ita
652 883 703 948 hic
727 903 849 968 qnoque
873 886 969 949 semel
994 912 1022 950 ει
1046 885 1138 971 plene
1162 887 1314 971 scriptum
1338 908 1428 974 repe-

197 993 293 1060 ritur:
327 1016 371 1059 vs.
393 997 409 1060 1
435 996 466 1060 in
491 1017 565 1062 voce
589 1002 669 1082 εἰμὶ,
694 1018 882 1083 quamquam
907 1001 940 1065 in
964 1002 1127 1086 superiore
1151 1002 1356 1087 inscriptione
1380 1003 1428 1068 lo-

197 1111 268 1174 nico
295 1111 413 1176 usitata
442 1109 506 1196 Εμο
535 1114 692 1198 scriptura
722 1103 892 1200 comparet.
941 1115 1058 1182 Contra
1087 1117 1119 1182 in
1136 1117 1278 1183 ¹vocibus
1306 1115 1427 1204 προτο-

199 1239 284 1292 νοϊον
308 1232 339 1292 et
356 1224 484 1313 ξιγειῆς
507 1249 602 1294 sonus
625 1257 653 1295 ει
677 1251 752 1295 vera
775 1231 988 1316 diphthongus
1008 1238 1065 1315 est,
1091 1233 1246 1298 eduobus
1263 1234 1426 1300 elementis

198 1343 386 1426 composita3
411 1343 568 1428 scriptura
592 1348 735 1412 ἕπόεισεν
759 1367 864 1412 errore
888 1348 1054 1432 scalpturis
1079 1370 1136 1434 pro
1161 1354 1306 1436 ἐποίησεν
1324 1351 1424 1416 incisa

198 1463 254 1522 est.
301 1457 398 1523 Porro
423 1465 440 1536 ξ
470 1465 502 1524 et
525 1473 554 1550 ψ
577 1461 701 1526 litterae
729 1463 858 1528 fortuito
889 1464 1013 1546 quidem
1044 1465 1173 1548 desunt,
1203 1465 1259 1530 sed
1286 1486 1347 1530 non
1379 1473 1434 1532 est

197 1573 414 1657 dubitandum,
440 1576 526 1657 quin,
551 1577 577 1640 si
601 1579 775 1663 usurpandi
799 1579 885 1644 locus
910 1580 1032 1663 fuisset,
1058 1581 1182 1646 Atticae
1206 1582 1326 1647 formae
1341 1603 1382 1665 χσ
1396 1588 1427 1648 et

198 1709 245 1774 φο
277 1696 505 1774 comparerent.
553 1691 733 1758 Ceterarum
770 1694 919 1778 denique,
956 1695 1131 1762 litterarum
1168 1696 1325 1762 notandae
1353 1703 1426 1763 sont

198 1805 317 1870 formae
343 1809 390 1888 Θ,
418 1801 467 1890 ·Ι·,
494 1804 525 1886 Α
554 1809 602 1874 uel
627 1803 675 1893 h,
705 1817 799 1895 prout
828 1816 932 1876 exstat
955 1812 988 1875 in
1012 1811 1154 1877 versibus
1178 1820 1232 1877 aut
1256 1833 1274 1878 a
1297 1813 1426 1878 sinistra

197 1927 252 1986 aut
279 1943 297 1986 a
321 1923 451 1988 dextera
481 1923 759 2009 proficiscentibus.
809 1926 946 1993 Sibilans
977 1926 1083 1992 littera
1113 1926 1141 2004 ξ
1168 1929 1303 1993 formam
1331 1929 1426 1995 hahet

197 2044 290 2122 atque
314 2039 413 2105 etiam·
432 2041 465 2105 in
490 2042 630 2106 versibus
654 2043 869 2108 sinistrorsum
896 2044 1022 2128 scriptis
1046 2043 1123 2109 haec
1145 2044 1247 2109 forma
1271 2045 1425 2130 conspici-

196 2161 264 2237 tur3
300 2156 430 2223 inferior
461 2158 585 2226 litterae
616 2179 689 2243 pars
718 2159 874 2225 interdurn
907 2139 1075 2224 rotundatu
1106 2168 1169 2243 est,
1204 2168 1239 2224 ut
1268 2161 1292 2230 ἰ
1323 2161 1426 2226 forma

196 2279 388 2358 compareat·
434 2273 493 2339 Phi
525 2274 649 2340 litterae
682 2275 773 2340 hasta
806 2276 949 2340 deorsum
980 2275 1132 2360 producta
1162 2282 1226 2357 est3
1263 2277 1317 2342 sed
1349 2276 1426 2342 haee

196 2390 298 2468 forma
322 2386 352 2466 Φ
381 2409 444 2454 non
475 2391 514 2454 ad
545 2391 700 2455 noviciam
730 2391 818 2455 illam
842 2386 871 2457 Φ
900 2392 1035 2456 formam
1065 2392 1216 2476 pertinet,
1247 2413 1326 2476 quae
1353 2400 1426 2478 post

197 2505 244 2570 Ol.
263 2509 306 2571 80
333 2507 365 2570 in
395 2527 486 2605 usum
516 2507 658 2572 renitet
684 2505 714 2577 o
740 2511 897 2573 vetustum
923 2528 996 2571 mox
1020 2507 1113 2592 plane
1138 2509 1238 2591 ejecit.
1285 2508 1425 2574 Ganinae

131 2624 134 2629 ’
196 2620 321 2687 litterae
343 2623 445 2687 forma
470 2623 565 2688 semel
591 2631 639 2688 est
663 2622 686 2690 Ρ
712 2624 769 2703 (vs.
788 2625 832 2705 2),
857 2630 994 2688 ceterum
1020 2621 1058 2703 Ρ;
1083 2649 1102 2688 ο
1126 2624 1173 2689 bis
1198 2630 1246 2690 est
1262 2621 1303 2707 Υ,
1328 2625 1425 2690 semel

197 2734 245 2818 V3
276 2759 334 2804 nec
357 2744 463 2804 tamon
487 2738 597 2816 titulus
622 2739 753 2805 diversis
778 2740 922 2805 rnarrihus
947 2745 996 2804 est
1020 2746 1182 2823 exaratus,
1210 2760 1279 2805 cum
1304 2741 1424 2806 formae

198 2851 220 2922 Ρ
246 2860 277 2920 et
302 2849 334 2916 V
363 2875 424 2920 non
455 2855 494 2919 ad
524 2857 684 2940 propriam
709 2856 793 2921 tituli
817 2863 937 2941 partem
963 2856 1157 2940 pertineant,
1187 2857 1241 2922 sed
1265 2857 1375 2922 formis
1401 2856 1423 2922 Ρ

196 2976 228 3035 et
244 2968 275 3036 Υ
292 2971 385 3056 plane
409 2971 472 3036 sint
495 2972 707 3038 intermixtae.
744 2972 857 3057 Koppa
881 2959 1018 3037 litteram
1045 2973 1097 3037 illo
1122 2978 1263 3057 tempore
1276 2974 1342 3056 jam
1360 2994 1423 3039 non

196 3088 228 3151 in
253 3108 312 3152 usu
334 3087 432 3152 fuisse
455 3095 589 3173 apparet
613 3109 651 3154 ex
676 3089 804 3154 vocibus
830 3091 1014 3155 Φαοοδίκοο
1038 3094 1070 3154 et
1086 3097 1316 3175 Προκονησίου,
1341 3090 1423 3174 quod

195 3203 311 3268 idcirco
342 3223 567 3287 commemora,
599 3205 673 3288 quia
701 3205 785 3269 infra
814 3203 924 3271 titulus
945 3205 1139 3270 ‘tractandus
1164 3205 1238 3288 erit,
1267 3206 1319 3290 qui
1343 3205 1424 3270 hanc

195 3318 335 3384 litteram
360 3319 495 3386 exhibet.
994 3327 996 3331 ’

284 3435 357 3501 Jam
390 3437 429 3502 de
458 3442 560 3502 aetate
590 3437 629 3500 od
658 3457 751 3520 quam
781 3442 1017 3501 monumentum
1044 3435 1192 3518 Sigeense
1220 3437 1262 3500 sit
1285 3437 1422 3502 releren-

196 3553 269 3616 dum
295 3572 394 3637 pauca
418 3551 529 3618 dicam.
569 3550 811 3632 Kirchhoffius¹)
836 3573 959 3617 summa
983 3572 1053 3626 cum
1079 3551 1351 3618 verisimilitudine
1373 3553 1422 3618 in-

197 3667 324 3750 dagavit
352 3668 528 3733 contectum
553 3689 621 3734 esso
644 3669 703 3734 hoo
726 3676 963 3734 monumentum
988 3669 1183 3754 temporibus
1206 3668 1422 3736 Pisistratida-

195 3803 281 3866 rum,
311 3805 373 3867 qua
402 3784 441 3848 de
470 3804 565 3850 causa
593 3790 676 3850 certe
705 3786 745 3850 ad
774 3763 904 3850 sentum¹
922 3805 1003 3850 saec.
1026 3786 1194 3870 pertinere.
1241 3786 1327 3864 Quae
1350 3807 1421 3852 sen-

195 3899 311 3981 tentia,
336 3900 589 3983 quieverant,
614 3921 704 3966 nemo
729 3907 786 3983 est,
812 3901 865 3985 qui
890 3900 1034 3966 dubitare
1059 3903 1173 3985 possit3
1203 3922 1259 3982 ego
1284 3923 1369 3984 vcro,
1393 3903 1420 3968 si

197 4023 326 4100 potero,
362 4016 428 4099 ejus
458 4023 591 4082 aetatem
624 4017 798 4081 accuratius
828 4017 1014 4081 describam.
1061 4016 1152 4081 Hunc
1180 4018 1262 4082 enim
1293 4019 1419 4084 titulum

196 4129 356 4213 aliquanto
386 4115 588 4198 uetustiorem
618 4153 703 4215 esse,
740 4153 833 4217 quam
865 4153 933 4215 οοο,
963 4151 1040 4216 quos
1072 4133 1173 4198 adhue
1203 4135 1418 4218 tractavimus,

191 4247 259 4330 jam
293 4267 390 4333 supra
418 4254 624 4314 memoratum
656 4255 712 4313 est.
760 4247 877 4324 erodsi
906 4254 990 4314 recte
1021 4250 1232 4332 conjecturam
1259 4250 1319 4314 feci
1348 4249 1418 4314 illos
1540 4278 1543 4285 ·

195 4363 304 4428 titulos
328 4384 364 4429 eo
387 4365 539 4449 temporis
562 4364 664 4448 spatio
682 4365 815 4448 scriptos
832 4385 910 4448 esse,
936 4365 1018 4449 quod
1034 4365 1255 4450 interpositum
1274 4370 1322 4430 est
1336 4365 1419 4434 iuter

196 4525 405 4532 **-.

285 4612 304 4676 ¹)
325 4609 401 4664 Stud.
416 4627 438 4664 z.
453 4609 551 4664 Gosch.
566 4609 591 4662 d.
605 4608 708 4680 griech.
723 4609 802 4680 Alph.
817 4627 841 4680 p.
856 4613 889 4664 ‘22
910 4627 950 4680 sq.
