3488 5224
901 342 944 406 20

316 521 417 586 adhuc
433 521 562 603 egimus.
590 518 732 584 Primum
750 519 906 603 scriptura
922 536 1073 608 conversa
1091 522 1139 581 est
1153 517 1410 604 dovorqoqqddv3
1427 514 1540 580 deinde

314 635 368 722 My
391 642 423 702 et
437 635 488 722 Ny
510 636 685 702 litterarum
712 634 950 718 antiquissimae
974 638 1006 697 et
1028 632 1150 697 mediae
1172 633 1293 697 formae
1307 634 1370 716 jam
1389 651 1452 696 non
1467 649 1540 715 pro·

314 753 433 818 miscuo
466 757 540 818 sunt
567 755 737 837 usurpatae
767 770 824 815 neo
848 750 914 832 jam
945 749 1068 835 litterae
1097 774 1113 813 ε
1142 768 1275 832 usquam
1303 747 1463 812 invenitur
1491 766 1540 810 re-

314 869 496 934 centissima
519 865 617 933 illali
640 867 753 950 forma,
778 865 831 931 sed
856 866 924 930 sine
948 863 1012 928 ulla
1029 865 1212 948 exceptione
1228 863 1343 947 ubique
1359 868 1542 946 comparent

314 990 455 1050 vetustae
470 985 590 1050 formae
607 979 662 1066 ΙΛ,
679 985 722 1065 Ν,
742 982 781 1066 Ε,
799 978 843 1064 Ε,
861 1001 992 1065 quarum
1010 977 1040 1060 Ε
1059 979 1221 1044 formabis
1238 979 1429 1062 conspicitur
1445 979 1503 1056 (vs.
1521 979 1541 1042 2

311 1105 342 1168 et
371 1120 415 1164 vs.
442 1101 505 1180 10).
553 1100 697 1184 Denique
732 1100 783 1164 hic
816 1097 927 1162 titulus
962 1096 1101 1160 omnium
1138 1094 1176 1160 de
1206 1094 1319 1178 quibus
1349 1099 1452 1159 aetum
1483 1099 1541 1177 est,

310 1217 432 1300 primus
449 1221 644 1281 constantem
669 1214 953 1299 interpunctionem
972 1210 1108 1293 exhibet,
1132 1216 1173 1294 et,
1190 1210 1221 1276 id
1239 1211 1321 1294 quod
1338 1208 1541 1276 memorabile

313 1336 371 1413 est,
389 1332 493 1415 priore
510 1338 601 1418 parte
617 1332 689 1414 duo,
707 1331 805 1396 altera
821 1334 1002 1395 constanter
1017 1327 1079 1391 tria
1091 1333 1208 1412 puncta
1220 1328 1362 1393 videmus
1374 1326 1540 1410 insculpta.

312 1447 361 1512 De
387 1468 446 1512 usn
469 1447 734 1532 interpunctionis
758 1447 789 1510 in
815 1445 914 1510 titulis
931 1444 1045 1508 Atticis
1070 1463 1168 1528 paene
1185 1443 1292 1510 eadem
1310 1443 1443 1508 dicenda
1458 1447 1541 1523 sunt,

313 1583 394 1648 quae
419 1563 457 1628 de
482 1563 685 1648 bostrophica
708 1563 864 1648 scriptura
888 1580 984 1645 supra
1007 1561 1259 1626 memoravimus.
1297 1559 1330 1625 Si
1348 1560 1416 1643 quis
1432 1557 1542 1624 titulus

313 1680 411 1744 utitur
440 1679 692 1763 interpunctione
723 1678 815 1762 plena
843 1677 914 1758 illa,
951 1697 1030 1760 quae
1065 1676 1189 1759 singula
1218 1675 1313 1741 verba
1343 1675 1462 1741 duobus
1493 1672 1541 1738 vel

312 1795 412 1861 tribus
430 1795 717 1880 punctissejungit
733 1793 784 1858 hic
800 1794 832 1858 in
851 1793 1142 1888 antiquissimorum
1159 1813 1288 1857 numero
1306 1798 1353 1857 est
1365 1789 1540 1868 habendns3

314 1912 339 1976 si
365 1912 484 1994 minus,
513 1916 618 1996 potest
648 1910 773 1994 quidem
799 1930 867 1976 esse
890 1909 1137 1991 vetustissimus,
1161 1908 1330 1973 dummodo
1354 1907 1471 1973 indicia
1493 1925 1542 1971 re·
1658 1933 1662 1947 ⁴
1729 1897 1731 1974 l

314 2027 458 2092 motionis
483 2026 680 2109 antiquitatis
703 2030 916 2110 compareant.
952 2024 1037 2102 Quae
1061 2025 1112 2090 lex
1136 2025 1281 2089 omnibus
1304 2024 1405 2090 titulis
1428 2021 1542 2088 Atticis

313 2143 477 2228 probatur,
502 2142 642 2227 exceptis
666 2141 852 2225 quibusdam
879 2122 1088 2226 populiscitis,
1113 2160 1193 2224 quae
1216 2160 1285 2206 oum
1306 2141 1339 2204 in
1354 2123 1433 2204 ‘aliis
1449 2137 1542 2203 rebus

315 2257 466 2322 traditam
496 2257 752 2322 consuetudinem
783 2257 901 2321 diutius
933 2262 1213 2338 conservaverunt,
1242 2264 1308 2322 tum
1337 2260 1475 2320 veterem
1506 2271 1543 2318 ao

314 2374 440 2460 plenam
467 2352 753 2457 interpunctionem
780 2373 874 2438 etiam
900 2379 971 2456 post
995 2371 1076 2438 bella
1091 2371 1218 2437 Persica
1238 2391 1471 2456 nonnumquam
1489 2389 1543 2434 ex-

315 2487 465 2570 hibent¹).
509 2488 691 2554 Ceterorum
722 2488 883 2553 titulorum
915 2489 1007 2573 pauci
1036 2489 1120 2572 iique
1149 2489 1336 2555 vetustiores
1365 2490 1544 2553 constanter
1584 2521 1589 2526 -
1701 2459 1731 2508 '³

314 2605 508 2691 interpuncti
533 2610 621 2686 sunt3
647 2604 788 2690 plerique
806 2610 837 2692 et
853 2604 1044 2688 antiquiores
1062 2611 1092 2669 et
1109 2605 1242 2672 seriores
1258 2603 1544 2691 interpunctionem

315 2729 370 2788 aut
400 2722 527 2787 omnino
558 2721 737 2803 negligunt,
769 2726 823 2785 aut
853 2741 977 2784 summa
1005 2740 1075 2784 eum
1105 2720 1232 2787 licentia
1256 2714 1443 2807 qulbu'sdam
1466 2717 1544 2783 loeis

315 2842 480 2924 usurpant.
518 2835 552 2901 ln
570 2835 712 2919 Sigeonsi
736 2837 833 2919 igitur
851 2836 942 2902 titulo
959 2839 1182 2923 interpunctio,
1208 2858 1277 2904 oum
1294 2841 1473 2904 constanter
1490 2833 1545 2898 ob-

316 2960 441 3022 servata
464 2952 515 3035 sit,
539 2952 690 3018 indicium
714 2957 763 3016 est
785 2953 948 3036 eujusdam
973 2955 1147 3020 vetustatis.

407 3067 610 3152 singularum
635 3067 748 3133 deinde
771 3067 948 3133 litterarum
973 3071 1087 3135 summi
1111 3070 1263 3135 momenti
1288 3075 1336 3134 est
1358 3069 1461 3133 forma
1479 3064 1545 3149 spi-

315 3188 396 3253 ritus
428 3185 548 3271 asperi,
578 3185 631 3268 qui
659 3185 692 3249 in
721 3183 779 3248 hoc
803 3183 895 3249 titulo
919 3187 1133 3250 vetustissimo
1152 3187 1219 3270 jam
1244 3187 1396 3250 noviciam
1422 3181 1453 3251 Η
1480 3184 1543 3246 lor-

316 3323 400 3368 mam
430 3322 487 3387 pro
518 3299 646 3382 antiqno
675 3299 711 3372 Ξ
737 3300 875 3385 praebet.
923 3299 990 3366 Hoc
1017 3308 1200 3384 argumento
1225 3302 1412 3385 gravissimo
1435 3321 1544 3365 rursus

318 3424 436 3484 certum
473 3417 562 3500 quasi
596 3416 833 3481 fundamentum
864 3415 1115 3500 chronologicum
1142 3418 1267 3499 jacitur.
1316 3417 1431 3482 Omnes
1461 3416 1543 3481 enim

319 3533 413 3615 tituli,
439 3533 492 3616 qui
516 3531 556 3596 ad
580 3531 806 3614 designandum
833 3533 977 3616 spiritum
997 3535 1157 3616 antiquam
1179 3534 1216 3608 Ε
1233 3534 1365 3597 formam
1383 3533 1544 3614 adhibent,

319 3667 443 3713 summa
473 3667 543 3711 cum
573 3645 687 3712 fiducia
712 3637 853 3728 Sigeensi
884 3657 1086 3713 monumento
1110 3649 1243 3733 putandi
1266 3656 1339 3714 sunt
1362 3649 1544 3714 anteriores.

319 3762 388 3840 Qua
411 3762 449 3826 de
473 3781 579 3844 eausa,
602 3782 672 3826 cnm
697 3761 748 3827 hic
770 3762 880 3828 titulus
905 3765 944 3828 ad
968 3770 1086 3830 eertum
1112 3766 1262 3850 temporis
1287 3766 1423 3850 spatium
1446 3763 1547 3850 possit

319 3878 447 3960 referri,
477 3878 572 3942 etiam
596 3877 635 3942 de
659 3883 762 3942 aetate
785 3898 903 3962 eorum,
927 3881 959 3944 in
985 3880 1097 3964 quibus
1123 3879 1160 3952 Β
1185 3881 1288 3946 forma
1310 3881 1482 3966 reperitur,
1506 3880 1547 3944 ti-

320 3994 475 4075 tulorum,
500 3992 625 4077 planius
649 3999 681 4058 et
704 3995 880 4060 accuratius
900 3996 1043 4077 judicare
1067 3996 1182 4062 licebit.
1229 3996 1417 4080 Priusquam
1441 4001 1546 4061 autam

320 4111 359 4176 dc
384 4109 579 4174 monumenti
597 4107 755 4191 Sigeensis
780 4117 882 4175 aetate
908 4117 1028 4195 agatur,
1054 4118 1147 4176 antea
1170 4118 1344 4177 ceterarum
1369 4112 1544 4178 litterarum

320 4228 452 4308 formae,
478 4224 620 4307 quamvis
638 4225 768 4290 minoris
785 4227 936 4292 momenti
953 4227 1025 4310 sint,
1051 4227 1186 4293 breviter
1203 4234 1276 4293 sunt
1291 4228 1546 4310 considerandae,

321 4343 492 4429 praecipue
523 4348 559 4405 ut
588 4340 787 4426 alphabetum
820 4343 945 4408 omnino
970 4343 1109 4408 Atticum
1141 4364 1209 4408 esse
1239 4349 1453 4426 cognoscatur.
1499 4344 1548 4409 Ac

413 4586 789 4656 amoenaque
