3488 5224
290 1502 421 1612 Omnia
443 1545 509 1610 fere
532 1546 704 1611 vetustiora
728 1545 933 1628 Graecorum,
959 1567 1037 1629 quae
1061 1547 1153 1612 hodie
1177 1554 1312 1630 exstant,
1338 1569 1447 1613 monu-
1536 1559 1543 1571 '

225 1663 332 1723 menta
355 1660 432 1724 artis
455 1659 591 1742 fingendi
616 1681 634 1724 a
657 1661 733 1725 viris
757 1661 856 1726 doctis
880 1655 972 1742 vulg'o
998 1662 1035 1725 ad
1060 1656 1205 1746 tempora
1227 1670 1291 1726 tam
1315 1683 1384 1727 sera
1401 1685 1449 1728 re-

224 1773 382 1856 feruntur,
412 1780 447 1839 ut
473 1775 565 1840 facile
593 1776 749 1860 quispiam
779 1775 922 1840 dubitare
952 1777 1066 1860 possit,
1096 1798 1134 1841 an
1164 1784 1246 1846 recte
1278 1779 1354 1843 haec
1385 1781 1449 1843 sint

221 1889 363 1970 judicata
385 1895 480 1973 atquo
504 1886 678 1975 perspecta.
712 1890 855 1975 Namque
880 1898 914 1955 ut
936 1891 983 1955 illi
1008 1893 1196 1976 persuadere
1221 1893 1279 1958 sibi
1297 1915 1358 1958 non
1376 1914 1448 1978 pos-

225 2009 307 2086 sunt,
327 2004 393 2086 jam
418 2011 507 2069 sexto
532 2026 558 2069 a.
576 2004 648 2070 Chr.
666 2007 789 2071 saeculo
807 2005 942 2071 Graecos
966 2007 1004 2071 ad
1029 2014 1147 2072 tantam
1171 2008 1203 2072 in
1219 2008 1277 2071 hae
1293 2013 1360 2072 arte
1377 2029 1447 2092 per-

225 2116 390 2217 fectionem
417 2121 612 2203 pervenisse,
637 2127 801 2204 quantam,
826 2129 861 2186 ut
884 2122 1028 2206 exemplo
1052 2131 1132 2204 utar,
1157 2123 1188 2186 in
1214 2123 1325 2187 statuis
1350 2123 1447 2204 Aegi-

223 2233 334 2298 netiois
358 2234 561 2317 admiramur,
584 2236 630 2300 ita
654 2235 761 2300 eodem
781 2237 853 2318 jure
876 2238 1034 2301 contraria
1057 2237 1124 2301 fieri
1150 2242 1253 2321 potest
1269 2221 1447 2319 oonJehtura

222 2347 334 2412 harum
364 2355 540 2414 statuarum
573 2371 696 2415 omnem
727 2356 872 2415 naturam
897 2357 990 2433 atque
1013 2353 1149 2417 indolem
1175 2353 1251 2416 adeo
1276 2353 1314 2416 ad
1344 2373 1446 2416 remo-

223 2463 334 2530 tiorem
365 2465 582 2547 antiquitatem
614 2467 789 2550 portinere,
823 2472 871 2548 ut,
902 2467 928 2530 si
958 2486 1027 2531 oum
1052 2466 1205 2532 Phidiana
1230 2474 1296 2531 arte
1319 2487 1446 2551 compa-

222 2584 341 2661 rentur,
365 2599 426 2644 non
451 2601 512 2650 uno
536 2580 701 2662 decennio,
731 2557 784 2645 sed
809 2582 912 2666 aptius
937 2587 1002 2647 toto
1025 2582 1090 2646 fere
1114 2581 1237 2645 saeculo
1263 2588 1334 2646 ante
1358 2581 1443 2646 illam

223 2695 383 2760 confectae
407 2715 474 2759 esse
498 2695 673 2761 videantur.
708 2695 823 2760 Nostra
847 2697 943 2778 igitur
967 2703 1069 2761 aetate
1092 2718 1199 2761 omnes
1222 2697 1288 2762 fere
1304 2697 1445 2763 homines

222 2816 363 2874 veterum
394 2831 497 2875 rerum
528 2809 766 2900 litterarumque
795 2812 887 2895 periti
911 2812 995 2876 inter
1019 2833 1052 2877 se
1075 2813 1274 2877 consentiunt
1296 2813 1445 2897 pleraque

221 2925 297 2989 haec
327 2933 530 2992 monumenta
553 2928 660 3011 paucis
684 2926 823 3010 exeeptis
847 2927 886 2990 iis
911 2927 1035 2990 demum
1061 2927 1254 3011 temporibus
1278 2927 1445 2992 tribuenda

134 3111 137 3118 ,
221 3060 304 3122 esse,
340 3041 451 3124 quibus
482 3040 593 3132 Graeci
628 3041 709 3106 holla
742 3041 798 3104 illa
831 3041 969 3123 gloriosa
996 3047 1105 3107 contra
1134 3041 1246 3106 Persas
1280 3021 1442 3124 gesserint.

221 3155 318 3239 Cujus
349 3157 505 3240 opinionis
524 3158 594 3221 nisi
626 3164 748 3238 auctor,
778 3163 861 3221 certe
889 3177 1029 3222 summus
1052 3157 1202 3222 hodierno
1226 3164 1368 3242 tempore
1391 3157 1444 3222 de-

219 3271 325 3336 fensor
349 3277 396 3336 est
412 3272 572 3336 -Henricus
588 3271 757 3352 Brunnius,
781 3272 889 3353 quiin
914 3273 1037 3353 egregio
1060 3272 1140 3340 libro
1165 3294 1219 3336 suo
1238 3271 1443 3354 „Gesohiohte
1494 3353 1496 3357 ι

220 3387 275 3450 der
297 3387 510 3468 griechischen
528 3383 695 3464 Klinsller“
721 3386 802 3450 hano
825 3387 1033 3468 conjecturam
1059 3388 1180 3472 primus
1204 3387 1352 3451 continua
1371 3407 1442 3471 per-

220 3501 406 3567 tractatione
423 3503 570 3586 exposuit
584 3507 616 3566 et
630 3501 834 3584 comprobare
850 3501 978 3565 studuit.
1007 3501 1066 3565 Hic
1082 3502 1179 3583 igitur
1195 3473 1331 3564 manime
1346 3502 1440 3565 etiam
1463 3533 1467 3540 ·

219 3615 460 3689 Atheniensium
484 3636 546 3681 non
570 3615 670 3680 solum
694 3616 926 3697 vetustissima,
952 3636 1031 3699 quae
1054 3615 1213 3697 hahemus,
1238 3622 1441 3682 monumenta

219 3731 258 3794 ad
282 3731 383 3814 quinti
407 3731 532 3795 demum
549 3731 664 3796 saeouli
680 3731 805 3795 initium
822 3731 927 3812 refert,
952 3751 1059 3795 verum
1078 3731 1172 3795 etiam
1190 3751 1259 3795 eum
1277 3729 1439 3813 artificem,

219 3846 257 3936 dc
282 3865 342 3928 quo
366 3846 468 3930 primo
493 3847 575 3911 inter
591 3847 712 3910 Atticos
737 3847 905 3910 statuarios
927 3853 1012 3910 certa
1028 3851 1076 3909 est
1091 3846 1253 3927 memoria,
1276 3844 1438 3910 Endoeum

219 3975 264 4024 oa.
287 3959 336 4024 Ol.
361 3962 402 4027 70
431 3959 778 4043 floruissecontendit,
809 3961 951 4043 quamvis
979 3957 1180 4042 Pausanias¹)
1210 3980 1278 4024 eum
1310 3947 1440 4025 Daedali

219 4075 407 4160 discipulum
436 4075 535 4140 fuisso
568 4074 732 4160 ligneaque
761 4075 928 4140 simulacra
956 4070 1194 4159 exsculpsisse²l
1224 4074 1314 4139 nohis
1342 4075 1440 4141 tradi-

218 4190 308 4256 derit.
350 4189 510 4255 Brunnius
540 4191 680 4275 quidem,
716 4210 787 4257 oum
815 4192 860 4256 ita
889 4198 1012 4274 censet,
1041 4197 1157 4254 rectam
1188 4190 1328 4273 sequitur
1355 4190 1438 4253 viam

218 4325 255 4370 ao
284 4307 449 4372 rationem.
490 4305 606 4372 Exstat
633 4306 718 4371 enim
746 4305 836 4371 nohis
866 4306 949 4371 basis
972 4305 1139 4389 ,cujusdam
1168 4305 1362 4369 monumenti
1392 4325 1439 4369 se-

306 4551 327 4618 q
346 4549 367 4620 1,
386 4552 429 4619 aa,
447 4550 473 4604 4.
634 4550 780 4619 ²)V11,5,
800 4551 825 4604 a.
