3488 5224
833 383 853 446 3

231 575 291 639 que
314 555 445 638 gradus,
476 575 554 638 quos
577 531 778 640 alphabetum
803 557 942 622 Atticum
968 559 1178 642 percucurrit,
1203 559 1241 623 ad
1266 563 1351 622 certa
1374 563 1452 623 tem·

230 670 316 756 poris
340 671 444 755 spatia
466 654 614 736 revocare
636 671 738 736 liceat.
780 671 897 748 Quodsi
921 673 1101 754 eontigerit,
1130 677 1166 736 ut
1188 673 1319 737 historia
1343 673 1451 756 alpha-

230 786 294 852 beti
309 786 407 851 Attici
432 787 648 870 componenda
664 791 750 850 aetas
766 765 890 851 illarum
908 786 1028 851 Endoei
1046 793 1077 852 et
1091 788 1256 852 Aristoolis
1271 787 1450 870 inscriptio-

165 949 187 962 ..
230 922 306 966 num
336 921 429 985 quam
460 901 694 966 accuratissime
724 901 1014 984 circumscribatur,
1044 902 1103 967 hac
1131 923 1165 967 re
1193 923 1255 967 non
1290 902 1387 966 solum
1413 902 1451 966 dc

230 1017 317 1081 omni
349 1015 405 1081 illa
433 1018 646 1081 controversia
675 1017 735 1081 erit
764 1017 918 1099 decisum,
951 1037 1058 1082 verum
1089 1018 1181 1082 etiam
1214 1018 1320 1081 omnia
1349 1022 1451 1082 cetera

231 1113 434 1196 monumenta
450 1130 579 1214 Graeca,
597 1151 676 1215 quae
688 1132 858 1197 Aristionis
874 1131 956 1216 pilae
973 1131 1115 1214 aequalia
1130 1132 1196 1196 fere
1213 1152 1281 1196 esse
1297 1132 1452 1212 videntur,

125 1321 135 1330 ⁸
229 1251 261 1311 et
288 1246 359 1330 ipsa
388 1247 465 1311 satis
493 1247 587 1312 certis
616 1246 811 1331 temporibus
834 1246 929 1312 tribui
954 1251 1111 1330 poterunt.
1154 1246 1204 1310 Ad
1228 1247 1358 1311 eandem
1383 1266 1451 1310 sen·

230 1361 360 1427 tentiam
390 1361 428 1426 de
451 1360 580 1426 Endoeo
609 1361 733 1444 quidem
759 1362 853 1426 etiam
877 1360 1035 1427 Brunnius
1059 1361 1204 1445 pervenit
1226 1362 1258 1425 in
1284 1381 1337 1443 eo,
1371 1361 1452 1442 quod

229 1477 410 1561 nuperrime
439 1477 526 1540 dedit
553 1473 753 1561 responso¹),
783 1476 836 1541 ubi
866 1477 967 1540 denuo
991 1476 1128 1540 ostendit
1152 1476 1345 1560 planumque
1367 1453 1451 1557 fecit,

229 1613 268 1656 ex
302 1592 357 1674 iis,
393 1611 473 1675 quae
502 1590 675 1656 Pausanias
710 1590 890 1671 tradiderit,
927 1595 1104 1655 accuratam
1135 1592 1173 1656 de
1202 1591 1322 1655 Endoei
1352 1595 1452 1655 aetate

195 1753 197 1758 ,
229 1707 381 1771 rationem
407 1707 533 1770 omnino
557 1725 620 1770 non
644 1713 735 1790 'posse
759 1706 880 1788 deduci,
905 1707 1002 1770 solam
1027 1706 1262 1790 inscriptionem
1288 1705 1374 1768 illam
1393 1704 1452 1768 sibi

228 1821 331 1886 facere
354 1826 548 1886 momentum
577 1827 609 1886 et
630 1821 756 1885 nonnisi
780 1823 928 1886 continua
951 1820 1228 1906 palaeographices
1251 1819 1376 1884 Atticae
1399 1819 1452 1882 de-

230 1936 399 2020 scriptione
423 1956 491 2001 sese
515 1955 606 2020 posse
630 1937 668 2001 de
692 1956 749 2000 sua
773 1938 929 2001 sententia
952 1932 1151 2016 demoveri²).

317 2052 403 2116 Haeo
426 2051 532 2133 igitur,
557 2071 636 2134 quae
660 2051 760 2116 adhuc
784 2051 990 2133 desideratur,
1014 2052 1170 2131 tractatio,
1195 2068 1350 2133 quamque
1366 2048 1452 2130 equi-

228 2166 298 2231 dem
322 2167 469 2251 persequi
493 2165 576 2258 mihi·
593 2157 758 2252 proposui,
788 2167 880 2231 hodie
904 2167 981 2230 satis
1005 2166 1167 2231 commode
1192 2170 1285 2248 atque
1309 2169 1452 2227 accurate

228 2281 338 2346 confici
361 2286 480 2366 potest,
505 2287 669 2366 postquam
693 2282 889 2364 universam,
921 2300 1000 2364 quae
1023 2281 1083 2345 huc
1106 2281 1258 2365 pertinet,
1287 2278 1450 2343 materiam

228 2397 480 2481 epigraphicam,
505 2396 678 2481 dispersam
706 2397 807 2462 adhuc
830 2417 887 2482 per
910 2396 1026 2461 multas
1051 2395 1265 2480 ephemerides
1289 2398 1320 2458 et
1343 2413 1451 2456 mono-

228 2513 392 2597 graphias,
421 2511 630 2576 Kirohhoffius
658 2495 839 2596 nuperrime
874 2512 906 2576 in
937 2533 1032 2576 unum
1063 2511 1227 2593 conjunxit
1250 2507 1370 2592 Corpus
1401 2507 1452 2571 ln-

113 2691 115 2694 .
229 2628 432 2712 scriptionum
450 2627 637 2692 Atticarum.
675 2625 734 2703 Qui
758 2627 882 2710 quidem
898 2648 959 2691 non
977 2626 1076 2692 solum
1091 2625 1175 2690 'hano
1191 2629 1309 2688 tantam
1327 2615 1449 2706 copiam

228 2743 412 2829 dissipatam
438 2762 474 2807 ac
496 2743 688 2808 reconditam
705 2744 843 2826 undique
860 2743 1049 2826 conquisivit
1065 2747 1096 2805 et
1111 2739 1245 2821 collegit,
1270 2737 1447 2802 collectam-

228 2879 287 2942 que
311 2858 425 2941 edidit,
450 2858 514 2941 sed,
539 2878 609 2923 cum
633 2859 754 2943 priores
779 2859 921 2940 singulae
946 2858 1098 2923 editiones
1123 2855 1261 2920 omnium
1285 2854 1351 2918 fere
1374 2855 1450 2942 titu-

108 2977 114 2980 ’
209 2974 327 3039 'lorum
357 2973 502 3056 exempla
530 2974 715 3039 exhiberent
742 2975 1040 3055 inaccuratissima,
1059 2971 1112 3035 ille
1141 2991 1197 3054 per
1226 2970 1309 3033 viros
1338 2969 1447 3034 harum

227 3111 330 3155 rerum
360 3089 510 3174 peritos,
530 3088 651 3174 lapid-es
679 3089 781 3173 ipsos,
810 3089 985 3172 ubicunque
1012 3086 1080 3151 fieri
1103 3090 1241 3170 poterat,
1271 3085 1372 3148 denuo
1389 3089 1450 3149 ¹aut

202 3202 526 3271 exscribendosaut
549 3204 668 3289 ectypis
692 3204 864 3268 chartaceis
889 3201 1110 3287 exprimendos
1135 3199 1267 3281 curavit,
1291 3199 1337 3262 ita
1360 3205 1395 3263 ut
1412 3219 1449 3264 ea

227 3319 381 3404 exempla,
406 3339 486 3402 quae
509 3338 592 3383 nunc
615 3319 648 3383 in
672 3318 705 3383 C.
723 3319 745 3382 l.
762 3319 800 3382 A.
824 3321 965 3397 exstant,
990 3315 1174 3398 plerumque
1198 3314 1282 3378 veris
1307 3312 1447 3396 lapidum

110 3428 115 3507 J
226 3434 415 3517 imaginibus
438 3433 649 3518 respondeant
671 3451 888 3512 summamque
911 3429 1003 3494 fidem
1028 3449 1105 3512 prae
1129 3449 1162 3492 se
1186 3428 1298 3492 ferant.

315 3549 502 3631 Priusquam
541 3554 643 3612 autem
684 3548 722 3611 ad
757 3544 896 3626 singulos
934 3543 1042 3608 titulos
1076 3541 1256 3607 tractandos
1291 3541 1446 3624 accedam,

141 3741 143 3744 .
225 3671 319 3730 antea
348 3683 449 3749 pauca
478 3663 555 3728 mihi
584 3662 729 3727 videntum
753 3659 876 3724 esseio
901 3659 1083 3724 uniuersum
1108 3657 1240 3722 dicenda
1263 3662 1294 3720 et
1314 3657 1446 3738 deloco,
1530 3697 1537 3739 χ

226 3801 318 3864 quem
346 3779 485 3845 Atticum
503 3760 717 3862 ¹alphabetum
747 3776 829 3839 inter
857 3779 1031 3839 ceterorum
1062 3771 1250 3837 Graecorum
1281 3751 1447 3856 alphabeta

225 3895 397 3960 obtinuerit
426 3894 518 3959 etde
541 3894 580 3956 iis
603 3889 860 3976 proprietatibus,
885 3889 996 3973 quibus
1020 3888 1059 3953 ab
1083 3887 1146 3952 illis
1170 3888 1307 3951 maxime
1330 3886 1446 3950 discre-

225 4010 337 4094 puerit.
372 4009 448 4092 Egit
471 4007 595 4092 quidem
620 4006 658 4071 de
682 4005 740 4070 hac
762 4025 797 4069 re
813 4003 976 4088 aptissime
991 3997 1242 4085 Kirohhoffius³),
1265 4002 1310 4066 ita
1327 4006 1363 4065 ut
1378 4022 1445 4085 ego,

317 4212 337 4278 1)
357 4211 387 4264 In
402 4214 477 4280 acti.
496 4207 573 4262 acad.
586 4208 699 4274 Barac,
725 4207 804 4260 class.
817 4204 908 4274 philol.
920 4203 1017 4273 philos.
1031 4209 1095 4257 tom.
1112 4203 1152 4256 XI
1177 4218 1240 4272 pars
1264 4203 1315 4256 lll:
1340 4201 1447 4270 ,Ueber

224 4308 268 4362 dic
287 4308 378 4361 Kunst
395 4306 438 4360 bei
457 4306 574 4359 Homer“
595 4309 647 4357 etc.
661 4320 687 4371 p.
701 4303 737 4356 44
755 4317 830 4370 seqq.

317 4405 338 4471 9)
358 4403 399 4459 Cf.
413 4403 494 4457 ctiam
515 4400 672 4456 Ouerbeck:
693 4399 808 4466 ,Gesch
822 4398 871 4452 der
889 4396 989 4466 griech.
1003 4395 1123 4450 Plastik“
1145 4395 1188 4449 ed.
1201 4396 1226 4448 ΙΙ
1244 4394 1334 4448 tomi
1353 4408 1379 4460 p.
1392 4392 1444 4446 205

222 4506 280 4556 not.
293 4501 336 4556 bl.
539 4538 540 4541 η

312 4600 333 4666 ⁸)
353 4597 466 4652 Studien
485 4613 532 4650 zur
551 4595 650 4650 Gcsch.
664 4595 713 4648 des
731 4591 832 4664 griech.
847 4591 927 4660 Alph.
947 4609 974 4661 p.
987 4592 1021 4644 68
1040 4603 1116 4656 seqq.

1196 4689 1233 4745 με
