3488 5224
909 351 954 418 54

313 532 350 610 (D
379 531 489 594 formis
512 531 545 594 in
569 530 806 595 desuetudinem
830 529 945 595 abiisse
969 529 1129 612 videatur,
1161 529 1362 614 alphabetum
1387 528 1538 609 Atticum,

235 623 239 636 ¹
313 651 478 732 postquam
517 665 574 729 per
608 645 723 711 multos
757 645 873 728 gradus
907 643 1084 727 multasque
1113 646 1303 710 mutationes
1334 645 1538 729 percucurrit,

296 758 397 826 'anno
422 759 470 826 01.
488 761 540 842 83,
568 761 587 824 3
611 761 737 826 tandem
764 761 802 826 ad
828 781 895 825 eam
921 759 1113 841 singularum
1139 760 1311 825 formarum
1335 758 1539 825 stabilitatem

313 877 467 963 pervenit,
491 875 573 940 unde
597 896 689 941 verae
713 881 744 941 et
767 895 935 958 germanae
959 875 1149 940 mutationes
1169 875 1235 957 jam
1261 894 1323 938 non
1338 874 1440 939 iactae
1456 879 1538 938 sunt.

402 992 551 1056 Attamen
582 991 673 1074 hujus
703 993 815 1057 aetatis
844 991 924 1056 duae
953 1011 1002 1056 res
1031 994 1105 1055 sunt
1133 990 1297 1074 propriae,
1327 990 1439 1074 quibus
1469 1009 1541 1074 per·

314 1109 461 1194 spicitur,
495 1127 556 1171 non
591 1109 731 1192 potuisse
766 1127 892 1174 servare
927 1105 1128 1190 alphabetum
1162 1105 1302 1170 Atticum
1338 1105 1418 1169 hanc
1452 1123 1541 1168 suam

313 1217 413 1309 ipsius
438 1222 584 1306 speciem.
621 1221 760 1287 Primum
786 1223 868 1288 enirn
888 1221 946 1285 hac
963 1226 1066 1286 aetate
1082 1220 1213 1304 spiritus
1230 1220 1334 1305 asperi
1350 1241 1424 1285 usus
1441 1221 1542 1303 magis

315 1340 476 1420 magisque
500 1324 773 1420 corrumpebatur,
804 1336 916 1402 deinde
940 1335 1036 1400 lonici
1062 1335 1222 1419 alphabeti
1246 1335 1398 1419 quaedam
1422 1336 1542 1401 formae

317 1452 468 1538 paulatim
493 1453 538 1516 ita
560 1452 816 1536 increbruerunt,
845 1457 879 1516 ut
903 1457 1061 1536 postremo
1085 1450 1294 1517 Athenienses
1318 1471 1409 1516 suum
1433 1450 1543 1535 alpha-

238 1638 241 1643 ,
318 1569 423 1634 betum
447 1587 517 1632 eum
542 1567 646 1632 lonico
672 1567 764 1652 plane
787 1573 910 1633 mutare
933 1572 1128 1648 cogerentur.

692 1777 719 1837 1.
762 1771 816 1836 De
846 1771 990 1856 spiritu
1020 1790 1170 1855 aspero.

408 1909 544 1995 Spiritus
574 1913 677 1997 asperi
707 1933 780 1977 usus
805 1913 863 1977 hac
886 1914 971 1977 omni
996 1918 1097 1978 aetate
1121 1912 1198 1977 adeo
1220 1912 1402 1977 inconstans
1425 1913 1486 1977 fuit
1510 1933 1547 1978 ac

278 2066 283 2072 -
318 2035 499 2110 perversus,
524 2033 559 2090 ut
583 2023 613 2092 Η
637 2034 713 2093 nota
736 2028 920 2112 saepissime
943 2035 998 2093 ant
1021 2027 1065 2092 ibi
1089 2027 1205 2092 omissa
1228 2027 1279 2108 sit,
1304 2027 1357 2092 ubi
1381 2027 1547 2092 scribenda

318 2147 402 2224 erat,
433 2147 488 2206 aut
515 2143 711 2227 praescripta
739 2150 920 2228 compareat
948 2143 1101 2227 ejusmodi
1128 2141 1274 2222 vocibus,
1311 2162 1391 2225 quae
1414 2162 1448 2206 re
1472 2162 1546 2207 vera

319 2257 433 2342 spiritu
470 2276 581 2340 aspero
616 2264 732 2323 carent.
776 2259 844 2336 Qua
878 2279 912 2324 re
942 2264 1076 2344 apparet
1103 2258 1186 2323 hunc
1217 2277 1328 2322 sonum
1358 2257 1546 2342 procedente

293 2378 460 2458 tempore
484 2373 585 2455 magis
608 2373 770 2456 magisque
792 2373 968 2456 neglectum
994 2393 1078 2456 esse,
1108 2373 1212 2438 itaut
1235 2377 1394 2458 postremo
1418 2373 1546 2437 omnino

319 2508 382 2552 non
407 2488 585 2570 audiretur,
608 2508 709 2572 neque
733 2490 899 2573 quisquam
923 2491 956 2554 in
981 2489 1113 2556 dicendo
1138 2488 1383 2570 rationam'ejus
1406 2488 1545 2553 haberet.

321 2601 399 2667 Cum
430 2609 532 2666 autern
565 2603 642 2686 ipso.
664 2623 739 2667 sono
768 2606 921 2675 exstincto
950 2605 1154 2670 nihilominus
1185 2600 1215 2671 Η
1239 2610 1315 2668 nota
1337 2604 1369 2668 in
1394 2624 1453 2668 usu
1477 2623 1548 2687 per-

320 2724 690 2802 maneret,·consequens
713 2719 782 2802 fuit,
807 2727 842 2785 ut
866 2721 1078 2805 unusquisque
1100 2719 1237 2806 lapicida
1253 2738 1322 2784 eam
1338 2718 1383 2783 ibi
1400 2719 1547 2800 adiceret,

320 2835 373 2899 ubi
397 2833 544 2918 spiritum
569 2838 662 2898 antea
685 2835 921 2919 pronuntiatum
944 2837 1042 2901 fuisse
1067 2835 1282 2900 arbitraretur.

410 2948 472 3014 Sed
495 2955 530 3014 ut
553 2970 616 3014 non
638 2949 739 3014 solum
756 2939 824 3034 ips'e
840 2951 890 3015 hie
907 2972 981 3016 usus
998 2971 1174 3036 perversus,
1199 2970 1290 3034 quern
1308 2949 1438 3033 spiritus
1456 2969 1549 3033 asper

321 3071 393 3150 post
416 3065 551 3130 medium
578 3065 721 3148 quintum
747 3085 826 3130 saec.
845 3065 999 3151 praebuit,
1023 3087 1131 3132 verum
1149 3067 1244 3132 etiam
1261 3086 1355 3131 causa
1371 3066 1437 3148 ejus
1453 3085 1548 3148 qnam

323 3180 496 3246 clarissime
525 3180 749 3264 perspiciatur,
782 3185 889 3265 aptum
920 3182 1059 3264 videtur,
1089 3203 1160 3248 eum
1185 3202 1276 3265 quem
1301 3181 1431 3266 spiritus
1456 3199 1548 3263 asper

323 3295 396 3361 inde
426 3317 444 3359 a
473 3296 694 3360 vetustissimis
719 3297 912 3382 temporibus
937 3297 1081 3362 habuerit
1104 3318 1193 3362 usum
1219 3297 1354 3363 breviter
1379 3293 1547 3380 explicare.

322 3412 371 3476 Ac
405 3416 488 3476 certe
525 3411 649 3494 quidem
685 3412 735 3476 hic
765 3432 859 3476 sonus
888 3413 971 3496 apud
999 3413 1207 3479 Athenienses
1238 3411 1285 3492 (ut
1315 3412 1398 3496 apud
1428 3417 1548 3476 eeteros

325 3525 471 3603 Graecos)
500 3527 585 3590 nullo
617 3536 756 3612 tempore
784 3532 849 3592 tam
878 3548 989 3613 aspere
1022 3547 1057 3593 ac
1086 3529 1245 3612 pinguiter
1276 3524 1547 3612 pronuntiabatur,
1620 3582 1623 3588 .

324 3661 417 3724 quam
447 3661 503 3706 nos
532 3643 564 3705 in
594 3651 699 3707 nostro
730 3663 874 3709 sermone
905 3645 1109 3728 pronuntiare
1138 3663 1207 3708 eum
1232 3643 1466 3719 consuevimus3
1494 3641 1548 3706 sed

326 3757 513 3838 etiamtum,
539 3755 760 3840 cum‘floreret,
778 3759 953 3823 admodum
964 3759 1075 3824 leniter
1091 3760 1216 3824 videtur
1231 3759 1382 3823 sonuisse.
1401 3831 1405 3836 ¹
1422 3757 1546 3822 Etenim

321 3873 386 3953 jam
410 3872 632 3936 vetustissimis
649 3873 843 3958 temporibus
860 3895 1093 3957 nonnumquam
1112 3879 1166 3938 aut
1181 3873 1384 3939 omittebatur
1401 3868 1431 3939 Η
1448 3873 1549 3936 forma

328 3993 382 4052 aut
411 4008 516 4053 errore
541 3987 784 4054 adscribebatur.
826 3990 930 4072 Atque
954 3989 1012 4055 hoc
1035 3989 1160 4072 quidem
1184 3990 1285 4055 clucet
1307 4009 1324 4054 c
1347 3992 1548 4054 monumento

328 4103 484 4184 Sigeensi,
517 4103 570 4168 ubi
598 4109 759 4188 comparet
787 4106 943 4190 scriptura
972 4097 1140 4184 Αἴσωπος,
1171 4104 1246 4169 illud
1277 4102 1429 4188 probatur
1458 4101 1548 4166 titulo

327 4217 360 4283 C.
384 4218 407 4283 Ι.
424 4219 463 4283 Α.
486 4239 516 4282 n.
540 4196 624 4301 351,
654 4219 706 4302 qui
737 4221 769 4283 in
799 4239 874 4284 voce
897 4216 1036 4304 Ἕόρτιος
1067 4216 1097 4285 Η
1130 4220 1263 4284 formam
1293 4219 1547 4303 praetermissam

326 4333 429 4399 habet.
476 4333 649 4417 Utrumque
682 4333 808 4400 titulum
843 4340 930 4399 sexto
966 4334 1089 4400 saeculo
1120 4335 1326 4417 compositum
1358 4353 1425 4398 asse
1453 4353 1549 4417 supra

327 4450 472 4514 vidimus
513 4449 635 4514 Deinde
664 4449 695 4513 in
725 4449 912 4534 populiscito
940 4449 995 4514 illo
1027 4450 1103 4515 satis
1133 4455 1271 4515 vetusto:
1301 4448 1335 4514 C.
1358 4448 1380 4512 l.
1404 4450 1441 4514 A.
1465 4469 1495 4512 n.
1517 4447 1548 4528 b,

327 4566 410 4652 quod
438 4586 494 4646 ego
523 4565 648 4648 quidem
677 4585 722 4630 ca.
741 4564 789 4630 Ol.
807 4567 849 4630 76
879 4571 1042 4630 exaratum
1072 4585 1139 4631 esse
1164 4585 1293 4647 censeo,
1325 4565 1551 4653 scriptumest
