<?xml version="1.0" encoding="UTF-8"?>
<!DOCTYPE html PUBLIC "-//W3C//DTD XHTML 1.0 Transitional//EN"
    "http://www.w3.org/TR/xhtml1/DTD/xhtml1-transitional.dtd">
<html xmlns="http://www.w3.org/1999/xhtml" xml:lang="en" lang="en">
 <head>
  <title>
</title>
<meta http-equiv="Content-Type" content="text/html;charset=utf-8" />
  <meta name='ocr-system' content='tesseract 3.04.00' />
  <meta name='ocr-capabilities' content='ocr_page ocr_carea ocr_par ocr_line ocrx_word'/>
</head>
<body>
  <div class='ocr_page' id='page_1' title='image "./historiaalphabe00schgoog_0048.png"; bbox 0 0 3488 5224; ppageno 0'>
   <div class='ocr_carea' id='block_1_1' title="bbox 879 280 924 344">
    <p class='ocr_par' dir='ltr' id='par_1_1' title="bbox 879 280 924 344">
     <span class='ocr_line' id='line_1_1' title="bbox 879 280 924 344; baseline 0.067 -3"><span class='ocrx_word' id='word_1_1' title='bbox 879 280 924 344; x_wconf 88' lang='grc'><strong>40</strong></span> 
     </span>
    </p>
   </div>
   <div class='ocr_carea' id='block_1_2' title="bbox 287 450 1511 539">
    <p class='ocr_par' dir='ltr' id='par_1_2' title="bbox 287 450 1511 539">
     <span class='ocr_line' id='line_1_2' title="bbox 287 450 1511 539; baseline -0.007 -17"><span class='ocrx_word' id='word_1_2' title='bbox 287 458 411 523; x_wconf 88' lang='lat' dir='ltr'><strong>demus:</strong></span> <span class='ocrx_word' id='word_1_3' title='bbox 441 463 514 523; x_wconf 93' lang='lat' dir='ltr'><strong>sunt</strong></span> <span class='ocrx_word' id='word_1_4' title='bbox 542 459 623 522; x_wconf 89' lang='lat' dir='ltr'><strong>enim</strong></span> <span class='ocrx_word' id='word_1_5' title='bbox 656 475 763 521; x_wconf 90' lang='lat' dir='ltr'><strong>omnes</strong></span> <span class='ocrx_word' id='word_1_6' title='bbox 791 453 876 520; x_wconf 88' lang='lat' dir='ltr'><strong>tituli</strong></span> <span class='ocrx_word' id='word_1_7' title='bbox 904 453 1012 539; x_wconf 80' lang='lat' dir='ltr'>paucis</span> <span class='ocrx_word' id='word_1_8' title='bbox 1041 453 1181 537; x_wconf 83' lang='lat' dir='ltr'><strong>exceptis</strong></span> <span class='ocrx_word' id='word_1_9' title='bbox 1206 453 1369 538; x_wconf 80' lang='grc' dir='ltr'><strong><em>στοιχηδόν</em></strong></span> <span class='ocrx_word' id='word_1_10' title='bbox 1392 450 1511 534; x_wconf 85' lang='lat' dir='ltr'><strong>scripti,</strong></span> 
     </span>
    </p>
   </div>
   <div class='ocr_carea' id='block_1_3' title="bbox 287 559 1632 658">
    <p class='ocr_par' dir='ltr' id='par_1_3' title="bbox 287 559 1632 658">
     <span class='ocr_line' id='line_1_3' title="bbox 287 559 1632 658; baseline -0.007 -20"><span class='ocrx_word' id='word_1_11' title='bbox 287 574 375 656; x_wconf 90' lang='lat' dir='ltr'><strong>cujus</strong></span> <span class='ocrx_word' id='word_1_12' title='bbox 400 573 577 658; x_wconf 82' lang='lat' dir='ltr'><strong>scripturae</strong></span> <span class='ocrx_word' id='word_1_13' title='bbox 600 573 634 636; x_wconf 92' lang='lat' dir='ltr'><strong>in</strong></span> <span class='ocrx_word' id='word_1_14' title='bbox 656 572 695 636; x_wconf 90' lang='lat' dir='ltr'><strong>iis</strong></span> <span class='ocrx_word' id='word_1_15' title='bbox 720 569 830 652; x_wconf 85' lang='lat' dir='ltr'><strong>titulis,</strong></span> <span class='ocrx_word' id='word_1_16' title='bbox 855 590 932 653; x_wconf 90' lang='lat' dir='ltr'><strong>quos</strong></span> <span class='ocrx_word' id='word_1_17' title='bbox 957 569 1058 636; x_wconf 89' lang='lat' dir='ltr'><strong>adhuc</strong></span> <span class='ocrx_word' id='word_1_18' title='bbox 1073 568 1289 650; x_wconf 86' lang='lat' dir='ltr'><strong>tractavimus,</strong></span> <span class='ocrx_word' id='word_1_19' title='bbox 1313 566 1400 632; x_wconf 90' lang='lat' dir='ltr'><strong>nulla</strong></span> <span class='ocrx_word' id='word_1_20' title='bbox 1422 565 1512 630; x_wconf 91' lang='lat' dir='ltr'><strong>nobis</strong></span> <span class='ocrx_word' id='word_1_21' title='bbox 1628 559 1632 566; x_wconf 78' lang='grc'><em>’</em></span> 
     </span>
    </p>
   </div>
   <div class='ocr_carea' id='block_1_4' title="bbox 287 682 1539 4346">
    <p class='ocr_par' dir='ltr' id='par_1_4' title="bbox 287 682 1515 2844">
     <span class='ocr_line' id='line_1_4' title="bbox 288 682 1512 770; baseline -0.006 -17"><span class='ocrx_word' id='word_1_22' title='bbox 288 695 493 753; x_wconf 89' lang='lat' dir='ltr'><strong>occurrerunt</strong></span> <span class='ocrx_word' id='word_1_23' title='bbox 516 688 658 770; x_wconf 86' lang='lat' dir='ltr'><strong>vestigia.</strong></span> <span class='ocrx_word' id='word_1_24' title='bbox 695 686 761 764; x_wconf 81' lang='lat' dir='ltr'><strong>Quo</strong></span> <span class='ocrx_word' id='word_1_25' title='bbox 785 690 926 770; x_wconf 89' lang='lat' dir='ltr'><strong>tempore</strong></span> <span class='ocrx_word' id='word_1_26' title='bbox 950 685 1027 750; x_wconf 89' lang='lat' dir='ltr'><strong>baec</strong></span> <span class='ocrx_word' id='word_1_27' title='bbox 1050 685 1206 769; x_wconf 89' lang='lat' dir='ltr'><strong>scriptura</strong></span> <span class='ocrx_word' id='word_1_28' title='bbox 1226 683 1260 749; x_wconf 91' lang='lat' dir='ltr'><strong>in</strong></span> <span class='ocrx_word' id='word_1_29' title='bbox 1274 703 1364 748; x_wconf 91' lang='lat' dir='ltr'><strong>usum</strong></span> <span class='ocrx_word' id='word_1_30' title='bbox 1382 682 1512 764; x_wconf 84' lang='lat' dir='ltr'><strong>venerit,</strong></span> 
     </span>
     <span class='ocr_line' id='line_1_5' title="bbox 288 795 1510 888; baseline -0.006 -20"><span class='ocrx_word' id='word_1_31' title='bbox 288 802 391 886; x_wconf 91' lang='lat' dir='ltr'><strong>aliquo</strong></span> <span class='ocrx_word' id='word_1_32' title='bbox 416 795 507 867; x_wconf 89' lang='lat' dir='ltr'><strong>modo</strong></span> <span class='ocrx_word' id='word_1_33' title='bbox 534 807 637 888; x_wconf 91' lang='lat' dir='ltr'><strong>potest</strong></span> <span class='ocrx_word' id='word_1_34' title='bbox 659 803 802 885; x_wconf 80' lang='lat' dir='ltr'><strong>intelligi.</strong></span> <span class='ocrx_word' id='word_1_35' title='bbox 850 801 1009 866; x_wconf 83' lang='lat' dir='ltr'><strong>Habemus</strong></span> <span class='ocrx_word' id='word_1_36' title='bbox 1034 800 1116 865; x_wconf 92' lang='lat' dir='ltr'><strong>enim</strong></span> <span class='ocrx_word' id='word_1_37' title='bbox 1134 799 1310 884; x_wconf 79' lang='lat' dir='ltr'><strong>complures</strong></span> <span class='ocrx_word' id='word_1_38' title='bbox 1334 797 1441 864; x_wconf 89' lang='lat' dir='ltr'><strong>titulos</strong></span> <span class='ocrx_word' id='word_1_39' title='bbox 1465 817 1510 862; x_wconf 92' lang='lat' dir='ltr'><strong>ca.</strong></span> 
     </span>
     <span class='ocr_line' id='line_1_6' title="bbox 288 915 1512 1009; baseline -0.005 -27"><span class='ocrx_word' id='word_1_40' title='bbox 288 918 335 982; x_wconf 85' lang='lat' dir='ltr'><strong>ol.</strong></span> <span class='ocrx_word' id='word_1_41' title='bbox 354 920 485 984; x_wconf 79' lang='lat'>79-80</span> <span class='ocrx_word' id='word_1_42' title='bbox 510 924 665 1000; x_wconf 88' lang='lat' dir='ltr'><strong>exaratos,</strong></span> <span class='ocrx_word' id='word_1_43' title='bbox 691 919 744 1000; x_wconf 91' lang='lat' dir='ltr'><strong>qui</strong></span> <span class='ocrx_word' id='word_1_44' title='bbox 761 924 870 1002; x_wconf 90' lang='lat' dir='ltr'><strong>aperte</strong></span> <span class='ocrx_word' id='word_1_45' title='bbox 882 915 947 998; x_wconf 88' lang='lat' dir='ltr'><strong>jam</strong></span> <span class='ocrx_word' id='word_1_46' title='bbox 973 915 1138 1009; x_wconf 77' lang='grc' dir='ltr'><strong><em>στοιχηδόν</em></strong></span> <span class='ocrx_word' id='word_1_47' title='bbox 1161 921 1235 980; x_wconf 89' lang='lat' dir='ltr'><strong>sunt</strong></span> <span class='ocrx_word' id='word_1_48' title='bbox 1251 915 1371 998; x_wconf 88' lang='lat' dir='ltr'><strong>scripti,</strong></span> <span class='ocrx_word' id='word_1_49' title='bbox 1396 919 1512 978; x_wconf 89' lang='lat' dir='ltr'><strong>etcum</strong></span> 
     </span>
     <span class='ocr_line' id='line_1_7' title="bbox 288 1027 1512 1116; baseline -0.005 -19"><span class='ocrx_word' id='word_1_50' title='bbox 288 1033 348 1097; x_wconf 94' lang='lat' dir='ltr'><strong>duo</strong></span> <span class='ocrx_word' id='word_1_51' title='bbox 373 1033 462 1098; x_wconf 89' lang='lat' dir='ltr'><strong>nobis</strong></span> <span class='ocrx_word' id='word_1_52' title='bbox 487 1040 613 1097; x_wconf 88' lang='lat' dir='ltr'><strong>exstent</strong></span> <span class='ocrx_word' id='word_1_53' title='bbox 635 1027 755 1115; x_wconf 73' lang='lat' dir='ltr'><strong>titud),</strong></span> <span class='ocrx_word' id='word_1_54' title='bbox 786 1032 932 1116; x_wconf 90' lang='lat' dir='ltr'><strong>quicum</strong></span> <span class='ocrx_word' id='word_1_55' title='bbox 958 1037 1087 1115; x_wconf 89' lang='lat' dir='ltr'><strong>propter</strong></span> <span class='ocrx_word' id='word_1_56' title='bbox 1110 1029 1314 1096; x_wconf 89' lang='lat' dir='ltr'><strong>vetustiorem</strong></span> <span class='ocrx_word' id='word_1_57' title='bbox 1336 1028 1512 1094; x_wconf 88' lang='lat' dir='ltr'><strong>litterarum</strong></span> 
     </span>
     <span class='ocr_line' id='line_1_8' title="bbox 287 1143 1513 1230; baseline -0.002 -20"><span class='ocrx_word' id='word_1_58' title='bbox 287 1147 435 1230; x_wconf 80' lang='lat' dir='ltr'><strong>speciem,</strong></span> <span class='ocrx_word' id='word_1_59' title='bbox 458 1152 537 1230; x_wconf 83' lang='lat' dir='ltr'><strong>tum,</strong></span> <span class='ocrx_word' id='word_1_60' title='bbox 562 1148 635 1230; x_wconf 92' lang='lat' dir='ltr'><strong>quia</strong></span> <span class='ocrx_word' id='word_1_61' title='bbox 660 1147 717 1211; x_wconf 89' lang='lat' dir='ltr'><strong>hac</strong></span> <span class='ocrx_word' id='word_1_62' title='bbox 740 1148 914 1212; x_wconf 80' lang='lat' dir='ltr'><strong>recentiore</strong></span> <span class='ocrx_word' id='word_1_63' title='bbox 938 1146 1095 1230; x_wconf 89' lang='lat' dir='ltr'><strong>scriptura</strong></span> <span class='ocrx_word' id='word_1_64' title='bbox 1117 1150 1236 1227; x_wconf 89' lang='lat' dir='ltr'><strong>carent,</strong></span> <span class='ocrx_word' id='word_1_65' title='bbox 1260 1164 1305 1210; x_wconf 87' lang='lat' dir='ltr'><strong>ca.</strong></span> <span class='ocrx_word' id='word_1_66' title='bbox 1331 1144 1377 1209; x_wconf 92' lang='lat' dir='ltr'><strong>Ol.</strong></span> <span class='ocrx_word' id='word_1_67' title='bbox 1401 1145 1443 1208; x_wconf 80' lang='grc'><strong>76</strong></span> <span class='ocrx_word' id='word_1_68' title='bbox 1466 1143 1513 1208; x_wconf 91' lang='lat' dir='ltr'><strong>vi·</strong></span> 
     </span>
     <span class='ocr_line' id='line_1_9' title="bbox 287 1260 1513 1345; baseline -0.002 -20"><span class='ocrx_word' id='word_1_69' title='bbox 287 1260 400 1326; x_wconf 87' lang='lat' dir='ltr'><strong>dentur</strong></span> <span class='ocrx_word' id='word_1_70' title='bbox 424 1281 491 1326; x_wconf 90' lang='lat' dir='ltr'><strong>esee</strong></span> <span class='ocrx_word' id='word_1_71' title='bbox 515 1263 652 1345; x_wconf 84' lang='lat' dir='ltr'><strong>exarati,</strong></span> <span class='ocrx_word' id='word_1_72' title='bbox 682 1283 745 1328; x_wconf 93' lang='lat' dir='ltr'><strong>non</strong></span> <span class='ocrx_word' id='word_1_73' title='bbox 768 1264 836 1328; x_wconf 90' lang='lat' dir='ltr'><strong>sine</strong></span> <span class='ocrx_word' id='word_1_74' title='bbox 867 1260 1140 1326; x_wconf 87' lang='lat' dir='ltr'><strong>verisimilitudine</strong></span> <span class='ocrx_word' id='word_1_75' title='bbox 1171 1261 1311 1327; x_wconf 85' lang='lat' dir='ltr'><strong>conicere</strong></span> <span class='ocrx_word' id='word_1_76' title='bbox 1336 1278 1513 1345; x_wconf 86' lang='lat' dir='ltr'><strong>possumus,</strong></span> 
     </span>
     <span class='ocr_line' id='line_1_10' title="bbox 287 1373 1514 1472; baseline -0.002 -33"><span class='ocrx_word' id='word_1_77' title='bbox 287 1375 345 1440; x_wconf 93' lang='lat' dir='ltr'><strong>hoo</strong></span> <span class='ocrx_word' id='word_1_78' title='bbox 373 1380 516 1462; x_wconf 89' lang='lat' dir='ltr'><strong>tempore</strong></span> <span class='ocrx_word' id='word_1_79' title='bbox 545 1377 749 1460; x_wconf 89' lang='lat' dir='ltr'><strong>stoechicam,</strong></span> <span class='ocrx_word' id='word_1_80' title='bbox 779 1383 815 1472; x_wconf 83' lang='lat' dir='ltr'><strong>ut</strong></span> <span class='ocrx_word' id='word_1_81' title='bbox 843 1378 888 1441; x_wconf 90' lang='lat' dir='ltr'><strong>ita</strong></span> <span class='ocrx_word' id='word_1_82' title='bbox 917 1377 1034 1457; x_wconf 89' lang='lat' dir='ltr'><strong>dicam,</strong></span> <span class='ocrx_word' id='word_1_83' title='bbox 1066 1376 1253 1461; x_wconf 87' lang='lat' dir='ltr'><strong>scripturam</strong></span> <span class='ocrx_word' id='word_1_84' title='bbox 1283 1375 1420 1440; x_wconf 89' lang='lat' dir='ltr'><strong>nondum</strong></span> <span class='ocrx_word' id='word_1_85' title='bbox 1445 1373 1514 1438; x_wconf 94' lang='lat' dir='ltr'><strong>vul·</strong></span> 
     </span>
     <span class='ocr_line' id='line_1_11' title="bbox 287 1481 1513 1576; baseline -0.002 -21"><span class='ocrx_word' id='word_1_86' title='bbox 287 1510 394 1572; x_wconf 86' lang='lat' dir='ltr'><strong>garam</strong></span> <span class='ocrx_word' id='word_1_87' title='bbox 430 1491 576 1558; x_wconf 89' lang='lat' dir='ltr'><strong>habuisse</strong></span> <span class='ocrx_word' id='word_1_88' title='bbox 606 1513 714 1575; x_wconf 88' lang='lat' dir='ltr'><strong>usum,</strong></span> <span class='ocrx_word' id='word_1_89' title='bbox 746 1481 835 1557; x_wconf 83' lang='lat' dir='ltr'><strong>annis</strong></span> <span class='ocrx_word' id='word_1_90' title='bbox 863 1499 966 1558; x_wconf 89' lang='lat' dir='ltr'><strong>autem</strong></span> <span class='ocrx_word' id='word_1_91' title='bbox 998 1492 1140 1576; x_wconf 87' lang='lat' dir='ltr'><strong>proxime</strong></span> <span class='ocrx_word' id='word_1_92' title='bbox 1173 1491 1408 1575; x_wconf 85' lang='lat' dir='ltr'><strong>insequentibus</strong></span> <span class='ocrx_word' id='word_1_93' title='bbox 1444 1509 1513 1554; x_wconf 89' lang='lat' dir='ltr'><strong>eam</strong></span> 
     </span>
     <span class='ocr_line' id='line_1_12' title="bbox 288 1605 1514 1691; baseline -0.001 -21"><span class='ocrx_word' id='word_1_94' title='bbox 288 1607 389 1688; x_wconf 89' lang='lat' dir='ltr'><strong>magis</strong></span> <span class='ocrx_word' id='word_1_95' title='bbox 407 1609 575 1691; x_wconf 81' lang='lat' dir='ltr'><strong>magisque</strong></span> <span class='ocrx_word' id='word_1_96' title='bbox 598 1607 819 1690; x_wconf 83' lang='lat' dir='ltr'><strong>increbruisse,</strong></span> <span class='ocrx_word' id='word_1_97' title='bbox 844 1609 889 1671; x_wconf 88' lang='lat' dir='ltr'><strong>ita</strong></span> <span class='ocrx_word' id='word_1_98' title='bbox 912 1613 947 1671; x_wconf 92' lang='lat' dir='ltr'><strong>ut</strong></span> <span class='ocrx_word' id='word_1_99' title='bbox 963 1626 1008 1671; x_wconf 92' lang='lat' dir='ltr'><strong>ca.</strong></span> <span class='ocrx_word' id='word_1_100' title='bbox 1026 1605 1073 1671; x_wconf 91' lang='lat' dir='ltr'><strong>Ol.</strong></span> <span class='ocrx_word' id='word_1_101' title='bbox 1094 1607 1224 1672; x_wconf 78' lang='lat'>79-80</span> <span class='ocrx_word' id='word_1_102' title='bbox 1243 1607 1309 1690; x_wconf 91' lang='lat' dir='ltr'><strong>jam</strong></span> <span class='ocrx_word' id='word_1_103' title='bbox 1335 1605 1426 1691; x_wconf 83' lang='lat' dir='ltr'><strong>vulgo</strong></span> <span class='ocrx_word' id='word_1_104' title='bbox 1451 1605 1514 1670; x_wconf 91' lang='lat' dir='ltr'><strong>usi-</strong></span> 
     </span>
     <span class='ocr_line' id='line_1_13' title="bbox 288 1720 1514 1808; baseline -0.002 -22"><span class='ocrx_word' id='word_1_105' title='bbox 288 1727 355 1786; x_wconf 88' lang='lat' dir='ltr'><strong>tata</strong></span> <span class='ocrx_word' id='word_1_106' title='bbox 377 1721 481 1786; x_wconf 87' lang='lat' dir='ltr'><strong>fuerit.</strong></span> <span class='ocrx_word' id='word_1_107' title='bbox 527 1722 567 1786; x_wconf 86' lang='lat' dir='ltr'><strong>Et</strong></span> <span class='ocrx_word' id='word_1_108' title='bbox 590 1729 755 1808; x_wconf 90' lang='lat' dir='ltr'><strong>postquam</strong></span> <span class='ocrx_word' id='word_1_109' title='bbox 781 1723 949 1806; x_wconf 86' lang='lat' dir='ltr'><strong>aliquando</strong></span> <span class='ocrx_word' id='word_1_110' title='bbox 974 1721 1050 1786; x_wconf 92' lang='lat' dir='ltr'><strong>haec</strong></span> <span class='ocrx_word' id='word_1_111' title='bbox 1074 1723 1238 1807; x_wconf 81' lang='grc' dir='ltr'><strong><em>στοιχηδόν</em></strong></span> <span class='ocrx_word' id='word_1_112' title='bbox 1261 1720 1416 1786; x_wconf 91' lang='lat' dir='ltr'><strong>scribendi</strong></span> <span class='ocrx_word' id='word_1_113' title='bbox 1439 1739 1514 1784; x_wconf 92' lang='lat' dir='ltr'><strong>con-</strong></span> 
     </span>
     <span class='ocr_line' id='line_1_14' title="bbox 289 1836 1514 1923; baseline -0.002 -22"><span class='ocrx_word' id='word_1_114' title='bbox 289 1837 419 1902; x_wconf 90' lang='lat' dir='ltr'><strong>suetudo</strong></span> <span class='ocrx_word' id='word_1_115' title='bbox 445 1844 593 1922; x_wconf 89' lang='lat' dir='ltr'><strong>tanquam</strong></span> <span class='ocrx_word' id='word_1_116' title='bbox 619 1839 658 1902; x_wconf 92' lang='lat' dir='ltr'><strong>ad</strong></span> <span class='ocrx_word' id='word_1_117' title='bbox 683 1839 894 1923; x_wconf 85' lang='lat' dir='ltr'><strong>principatum</strong></span> <span class='ocrx_word' id='word_1_118' title='bbox 912 1836 1217 1922; x_wconf 74' lang='lat' dir='ltr'><strong>pervenitpostero</strong></span> <span class='ocrx_word' id='word_1_119' title='bbox 1242 1842 1383 1920; x_wconf 89' lang='lat' dir='ltr'><strong>tempore</strong></span> <span class='ocrx_word' id='word_1_120' title='bbox 1406 1836 1514 1900; x_wconf 91' lang='lat' dir='ltr'><strong>admo-</strong></span> 
     </span>
     <span class='ocr_line' id='line_1_15' title="bbox 289 1952 1512 2036; baseline -0.002 -19"><span class='ocrx_word' id='word_1_121' title='bbox 289 1953 361 2017; x_wconf 94' lang='lat' dir='ltr'><strong>dum</strong></span> <span class='ocrx_word' id='word_1_122' title='bbox 385 1972 458 2017; x_wconf 90' lang='lat' dir='ltr'><strong>raro</strong></span> <span class='ocrx_word' id='word_1_123' title='bbox 484 1953 522 2018; x_wconf 92' lang='lat' dir='ltr'><strong>ab</strong></span> <span class='ocrx_word' id='word_1_124' title='bbox 547 1973 584 2018; x_wconf 90' lang='lat' dir='ltr'><strong>ea</strong></span> <span class='ocrx_word' id='word_1_125' title='bbox 595 1953 767 2019; x_wconf 87' lang='lat' dir='ltr'><strong>discessum</strong></span> <span class='ocrx_word' id='word_1_126' title='bbox 793 1960 849 2018; x_wconf 90' lang='lat' dir='ltr'><strong>est.</strong></span> <span class='ocrx_word' id='word_1_127' title='bbox 897 1952 1053 2030; x_wconf 85' lang='lat' dir='ltr'><strong>Quantum</strong></span> <span class='ocrx_word' id='word_1_128' title='bbox 1079 1952 1161 2018; x_wconf 91' lang='lat' dir='ltr'><strong>enim</strong></span> <span class='ocrx_word' id='word_1_129' title='bbox 1184 1973 1239 2034; x_wconf 83' lang='lat' dir='ltr'><strong>ego</strong></span> <span class='ocrx_word' id='word_1_130' title='bbox 1264 1952 1370 2017; x_wconf 91' lang='lat' dir='ltr'><strong>videre</strong></span> <span class='ocrx_word' id='word_1_131' title='bbox 1386 1971 1512 2036; x_wconf 91' lang='lat' dir='ltr'><strong>possum</strong></span> 
     </span>
     <span class='ocr_line' id='line_1_16' title="bbox 289 2067 1514 2154; baseline -0.001 -22"><span class='ocrx_word' id='word_1_132' title='bbox 289 2067 505 2132; x_wconf 89' lang='lat' dir='ltr'><strong>tantummodo</strong></span> <span class='ocrx_word' id='word_1_133' title='bbox 534 2069 618 2134; x_wconf 88' lang='lat' dir='ltr'><strong>tituli</strong></span> <span class='ocrx_word' id='word_1_134' title='bbox 648 2068 681 2133; x_wconf 87' lang='lat' dir='ltr'><strong>C.</strong></span> <span class='ocrx_word' id='word_1_135' title='bbox 707 2069 730 2133; x_wconf 93' lang='lat' dir='ltr'><strong>l.</strong></span> <span class='ocrx_word' id='word_1_136' title='bbox 757 2071 794 2133; x_wconf 94' lang='lat' dir='ltr'><strong>A.</strong></span> <span class='ocrx_word' id='word_1_137' title='bbox 819 2089 850 2134; x_wconf 89' lang='lat' dir='ltr'><strong>n.</strong></span> <span class='ocrx_word' id='word_1_138' title='bbox 875 2071 928 2151; x_wconf 78' lang='lat'><strong>41,</strong></span> <span class='ocrx_word' id='word_1_139' title='bbox 956 2070 1029 2150; x_wconf 82' lang='lat'>138,</span> <span class='ocrx_word' id='word_1_140' title='bbox 1057 2069 1230 2154; x_wconf 70' lang='lat'>188,28‘2‚</span> <span class='ocrx_word' id='word_1_141' title='bbox 1256 2068 1331 2149; x_wconf 80' lang='lat'>321,</span> <span class='ocrx_word' id='word_1_142' title='bbox 1356 2067 1431 2150; x_wconf 79' lang='lat'>325,</span> <span class='ocrx_word' id='word_1_143' title='bbox 1461 2067 1514 2150; x_wconf 94' lang='lat' dir='ltr'><strong>qui</strong></span> 
     </span>
     <span class='ocr_line' id='line_1_17' title="bbox 290 2181 1513 2269; baseline 0 -23"><span class='ocrx_word' id='word_1_144' title='bbox 290 2202 397 2247; x_wconf 91' lang='lat' dir='ltr'><strong>omnes</strong></span> <span class='ocrx_word' id='word_1_145' title='bbox 421 2202 466 2247; x_wconf 89' lang='lat' dir='ltr'><strong>ca.</strong></span> <span class='ocrx_word' id='word_1_146' title='bbox 490 2182 537 2247; x_wconf 93' lang='lat' dir='ltr'><strong>Ol.</strong></span> <span class='ocrx_word' id='word_1_147' title='bbox 556 2185 687 2249; x_wconf 77' lang='lat'>90-94</span> <span class='ocrx_word' id='word_1_148' title='bbox 710 2185 800 2249; x_wconf 89' lang='lat' dir='ltr'><strong>incisi</strong></span> <span class='ocrx_word' id='word_1_149' title='bbox 826 2190 908 2267; x_wconf 80' lang='lat' dir='ltr'><strong>sunt,</strong></span> <span class='ocrx_word' id='word_1_150' title='bbox 932 2184 990 2248; x_wconf 90' lang='lat' dir='ltr'><strong>bac</strong></span> <span class='ocrx_word' id='word_1_151' title='bbox 1014 2185 1170 2269; x_wconf 90' lang='lat' dir='ltr'><strong>scriptura</strong></span> <span class='ocrx_word' id='word_1_152' title='bbox 1195 2183 1361 2248; x_wconf 86' lang='lat' dir='ltr'><strong>abstinent.</strong></span> <span class='ocrx_word' id='word_1_153' title='bbox 1408 2181 1513 2246; x_wconf 88' lang='lat' dir='ltr'><strong>Etiam</strong></span> 
     </span>
     <span class='ocr_line' id='line_1_18' title="bbox 289 2297 1515 2385; baseline 0 -25"><span class='ocrx_word' id='word_1_154' title='bbox 289 2297 373 2361; x_wconf 90' lang='lat' dir='ltr'><strong>tituli</strong></span> <span class='ocrx_word' id='word_1_155' title='bbox 408 2297 442 2362; x_wconf 85' lang='lat' dir='ltr'><strong>C.</strong></span> <span class='ocrx_word' id='word_1_156' title='bbox 467 2298 489 2362; x_wconf 92' lang='lat' dir='ltr'><strong>l.</strong></span> <span class='ocrx_word' id='word_1_157' title='bbox 515 2299 553 2362; x_wconf 90' lang='lat' dir='ltr'><strong>A.</strong></span> <span class='ocrx_word' id='word_1_158' title='bbox 583 2320 614 2363; x_wconf 89' lang='lat' dir='ltr'><strong>n.</strong></span> <span class='ocrx_word' id='word_1_159' title='bbox 640 2301 659 2362; x_wconf 83' lang='lat'>9</span> <span class='ocrx_word' id='word_1_160' title='bbox 688 2300 813 2366; x_wconf 85' lang='lat' dir='ltr'><strong>litterae</strong></span> <span class='ocrx_word' id='word_1_161' title='bbox 847 2320 909 2365; x_wconf 92' lang='lat' dir='ltr'><strong>non</strong></span> <span class='ocrx_word' id='word_1_162' title='bbox 939 2300 1104 2385; x_wconf 79' lang='grc' dir='ltr'><em>στοιχηδόν</em></span> <span class='ocrx_word' id='word_1_163' title='bbox 1132 2303 1207 2363; x_wconf 89' lang='lat' dir='ltr'><strong>sunt</strong></span> <span class='ocrx_word' id='word_1_164' title='bbox 1239 2297 1428 2383; x_wconf 60' lang='lat' dir='ltr'><strong>&#39;dispositam</strong></span> <span class='ocrx_word' id='word_1_165' title='bbox 1464 2297 1515 2361; x_wconf 91' lang='lat' dir='ltr'><strong>hic</strong></span> 
     </span>
     <span class='ocr_line' id='line_1_19' title="bbox 290 2410 1514 2500; baseline 0 -24"><span class='ocrx_word' id='word_1_166' title='bbox 290 2413 414 2497; x_wconf 90' lang='lat' dir='ltr'><strong>quidem</strong></span> <span class='ocrx_word' id='word_1_167' title='bbox 445 2413 554 2478; x_wconf 90' lang='lat' dir='ltr'><strong>titulus</strong></span> <span class='ocrx_word' id='word_1_168' title='bbox 585 2421 713 2498; x_wconf 89' lang='lat' dir='ltr'><strong>propter</strong></span> <span class='ocrx_word' id='word_1_169' title='bbox 738 2410 763 2483; x_wconf 76' lang='lat'>5</span> <span class='ocrx_word' id='word_1_170' title='bbox 787 2416 918 2479; x_wconf 90' lang='lat' dir='ltr'><strong>formam</strong></span> <span class='ocrx_word' id='word_1_171' title='bbox 951 2415 990 2478; x_wconf 90' lang='lat' dir='ltr'><strong>ad</strong></span> <span class='ocrx_word' id='word_1_172' title='bbox 1018 2421 1162 2500; x_wconf 88' lang='lat' dir='ltr'><strong>tempora</strong></span> <span class='ocrx_word' id='word_1_173' title='bbox 1190 2433 1270 2479; x_wconf 90' lang='lat' dir='ltr'><strong>anno</strong></span> <span class='ocrx_word' id='word_1_174' title='bbox 1295 2413 1435 2496; x_wconf 81' lang='lat'><strong>01.83‚3</strong></span> <span class='ocrx_word' id='word_1_175' title='bbox 1459 2433 1514 2477; x_wconf 89' lang='lat' dir='ltr'><strong>an-</strong></span> 
     </span>
     <span class='ocr_line' id='line_1_20' title="bbox 290 2528 1514 2614; baseline 0.001 -22"><span class='ocrx_word' id='word_1_176' title='bbox 290 2529 406 2592; x_wconf 89' lang='lat' dir='ltr'><strong>teriora</strong></span> <span class='ocrx_word' id='word_1_177' title='bbox 429 2530 622 2594; x_wconf 88' lang='lat' dir='ltr'><strong>revocandus</strong></span> <span class='ocrx_word' id='word_1_178' title='bbox 648 2550 714 2595; x_wconf 88' lang='lat' dir='ltr'><strong>esse</strong></span> <span class='ocrx_word' id='word_1_179' title='bbox 739 2531 871 2614; x_wconf 83' lang='lat' dir='ltr'><strong>videtur,</strong></span> <span class='ocrx_word' id='word_1_180' title='bbox 896 2529 949 2594; x_wconf 89' lang='lat' dir='ltr'><strong>sed</strong></span> <span class='ocrx_word' id='word_1_181' title='bbox 975 2530 1121 2612; x_wconf 89' lang='lat' dir='ltr'><strong>quoniam</strong></span> <span class='ocrx_word' id='word_1_182' title='bbox 1147 2530 1189 2612; x_wconf 81' lang='lat' dir='ltr'><strong>id,</strong></span> <span class='ocrx_word' id='word_1_183' title='bbox 1215 2529 1295 2612; x_wconf 94' lang='lat' dir='ltr'><strong>quod</strong></span> <span class='ocrx_word' id='word_1_184' title='bbox 1319 2531 1351 2593; x_wconf 91' lang='lat' dir='ltr'><strong>in</strong></span> <span class='ocrx_word' id='word_1_185' title='bbox 1376 2528 1514 2614; x_wconf 80' lang='lat' dir='ltr'><strong>Corpore</strong></span> 
     </span>
     <span class='ocr_line' id='line_1_21' title="bbox 290 2643 1514 2730; baseline 0.002 -22"><span class='ocrx_word' id='word_1_186' title='bbox 290 2644 385 2708; x_wconf 92' lang='lat' dir='ltr'><strong>lusor.</strong></span> <span class='ocrx_word' id='word_1_187' title='bbox 404 2645 470 2708; x_wconf 83' lang='lat' dir='ltr'><strong>Art.</strong></span> <span class='ocrx_word' id='word_1_188' title='bbox 496 2645 658 2728; x_wconf 83' lang='lat' dir='ltr'><strong>babemus,</strong></span> <span class='ocrx_word' id='word_1_189' title='bbox 683 2645 861 2730; x_wconf 86' lang='lat' dir='ltr'><strong>exemplum</strong></span> <span class='ocrx_word' id='word_1_190' title='bbox 885 2644 970 2708; x_wconf 91' lang='lat' dir='ltr'><strong>omni</strong></span> <span class='ocrx_word' id='word_1_191' title='bbox 995 2643 1055 2710; x_wconf 90' lang='lat' dir='ltr'><strong>lide</strong></span> <span class='ocrx_word' id='word_1_192' title='bbox 1080 2653 1180 2728; x_wconf 83' lang='lat' dir='ltr'><strong>caret,</strong></span> <span class='ocrx_word' id='word_1_193' title='bbox 1210 2645 1303 2711; x_wconf 91' lang='lat' dir='ltr'><strong>liceat</strong></span> <span class='ocrx_word' id='word_1_194' title='bbox 1326 2666 1395 2711; x_wconf 89' lang='lat' dir='ltr'><strong>eum</strong></span> <span class='ocrx_word' id='word_1_195' title='bbox 1422 2645 1514 2730; x_wconf 87' lang='lat' dir='ltr'><strong>plane</strong></span> 
     </span>
     <span class='ocr_line' id='line_1_22' title="bbox 291 2760 552 2844; baseline 0.011 -21"><span class='ocrx_word' id='word_1_196' title='bbox 291 2760 552 2844; x_wconf 85' lang='lat' dir='ltr'><strong>praetermittere.</strong></span> 
     </span>
    </p>

    <p class='ocr_par' dir='ltr' id='par_1_5' title="bbox 291 2873 1539 4346">
     <span class='ocr_line' id='line_1_23' title="bbox 381 2873 1514 2960; baseline 0.004 -22"><span class='ocrx_word' id='word_1_197' title='bbox 381 2873 503 2940; x_wconf 90' lang='lat' dir='ltr'><strong>Deinde</strong></span> <span class='ocrx_word' id='word_1_198' title='bbox 534 2895 640 2940; x_wconf 93' lang='lat' dir='ltr'><strong>omnes</strong></span> <span class='ocrx_word' id='word_1_199' title='bbox 669 2876 753 2940; x_wconf 89' lang='lat' dir='ltr'><strong>tituli</strong></span> <span class='ocrx_word' id='word_1_200' title='bbox 782 2876 821 2941; x_wconf 90' lang='lat' dir='ltr'><strong>ab</strong></span> <span class='ocrx_word' id='word_1_201' title='bbox 845 2875 892 2941; x_wconf 90' lang='lat' dir='ltr'><strong>Ol.</strong></span> <span class='ocrx_word' id='word_1_202' title='bbox 912 2874 1070 2941; x_wconf 78' lang='lat'><strong>75—01.</strong></span> <span class='ocrx_word' id='word_1_203' title='bbox 1088 2878 1150 2960; x_wconf 82' lang='grc'><strong>94,</strong></span> <span class='ocrx_word' id='word_1_204' title='bbox 1174 2880 1194 2942; x_wconf 88' lang='grc'><strong>3</strong></span> <span class='ocrx_word' id='word_1_205' title='bbox 1224 2878 1345 2943; x_wconf 82' lang='lat' dir='ltr'><strong>exarati</strong></span> <span class='ocrx_word' id='word_1_206' title='bbox 1374 2879 1407 2942; x_wconf 95' lang='lat' dir='ltr'><strong>in</strong></span> <span class='ocrx_word' id='word_1_207' title='bbox 1436 2878 1514 2942; x_wconf 90' lang='lat' dir='ltr'><strong>duas</strong></span> 
     </span>
     <span class='ocr_line' id='line_1_24' title="bbox 291 2989 1514 3059; baseline 0.005 -7"><span class='ocrx_word' id='word_1_208' title='bbox 291 2989 407 3054; x_wconf 89' lang='lat' dir='ltr'><strong>classes</strong></span> <span class='ocrx_word' id='word_1_209' title='bbox 443 2996 516 3054; x_wconf 90' lang='lat' dir='ltr'><strong>sunt</strong></span> <span class='ocrx_word' id='word_1_210' title='bbox 550 2990 766 3056; x_wconf 88' lang='lat' dir='ltr'><strong>distribuendi.</strong></span> <span class='ocrx_word' id='word_1_211' title='bbox 814 2991 946 3057; x_wconf 83' lang='lat' dir='ltr'><strong>Constat</strong></span> <span class='ocrx_word' id='word_1_212' title='bbox 981 2993 1063 3058; x_wconf 92' lang='lat' dir='ltr'><strong>enim</strong></span> <span class='ocrx_word' id='word_1_213' title='bbox 1098 2993 1254 3059; x_wconf 89' lang='lat' dir='ltr'><strong>sibilantis</strong></span> <span class='ocrx_word' id='word_1_214' title='bbox 1281 2993 1405 3058; x_wconf 89' lang='lat' dir='ltr'><strong>litterae</strong></span> <span class='ocrx_word' id='word_1_215' title='bbox 1434 2995 1514 3058; x_wconf 89' lang='lat' dir='ltr'><strong>anti-</strong></span> 
     </span>
     <span class='ocr_line' id='line_1_25' title="bbox 292 3101 1515 3192; baseline 0.004 -23"><span class='ocrx_word' id='word_1_216' title='bbox 292 3105 432 3187; x_wconf 91' lang='lat' dir='ltr'><strong>quiorem</strong></span> <span class='ocrx_word' id='word_1_217' title='bbox 464 3106 597 3170; x_wconf 90' lang='lat' dir='ltr'><strong>formam</strong></span> <span class='ocrx_word' id='word_1_218' title='bbox 623 3101 648 3174; x_wconf 78' lang='lat'>5</span> <span class='ocrx_word' id='word_1_219' title='bbox 674 3112 758 3171; x_wconf 89' lang='lat' dir='ltr'><strong>certo</strong></span> <span class='ocrx_word' id='word_1_220' title='bbox 789 3127 870 3173; x_wconf 92' lang='lat' dir='ltr'><strong>anno</strong></span> <span class='ocrx_word' id='word_1_221' title='bbox 899 3109 932 3172; x_wconf 93' lang='lat' dir='ltr'><strong>in</strong></span> <span class='ocrx_word' id='word_1_222' title='bbox 957 3107 1081 3192; x_wconf 87' lang='lat' dir='ltr'><strong>publico</strong></span> <span class='ocrx_word' id='word_1_223' title='bbox 1105 3129 1163 3172; x_wconf 90' lang='lat' dir='ltr'><strong>usu</strong></span> <span class='ocrx_word' id='word_1_224' title='bbox 1188 3110 1306 3174; x_wconf 91' lang='lat' dir='ltr'><strong>versari</strong></span> <span class='ocrx_word' id='word_1_225' title='bbox 1330 3109 1461 3174; x_wconf 86' lang='lat' dir='ltr'><strong>desiisse</strong></span> <span class='ocrx_word' id='word_1_226' title='bbox 1484 3117 1515 3175; x_wconf 89' lang='lat' dir='ltr'><strong>et</strong></span> 
     </span>
     <span class='ocr_line' id='line_1_26' title="bbox 293 3218 1514 3307; baseline 0.007 -25"><span class='ocrx_word' id='word_1_227' title='bbox 293 3221 448 3285; x_wconf 88' lang='lat' dir='ltr'><strong>noviciam</strong></span> <span class='ocrx_word' id='word_1_228' title='bbox 474 3218 504 3285; x_wconf 83' lang='grc' dir='ltr'>ξ</span> <span class='ocrx_word' id='word_1_229' title='bbox 528 3222 677 3303; x_wconf 85' lang='lat' dir='ltr'><strong>formam,</strong></span> <span class='ocrx_word' id='word_1_230' title='bbox 708 3242 787 3304; x_wconf 91' lang='lat' dir='ltr'><strong>quae</strong></span> <span class='ocrx_word' id='word_1_231' title='bbox 817 3224 879 3304; x_wconf 88' lang='lat' dir='ltr'><strong>jam</strong></span> <span class='ocrx_word' id='word_1_232' title='bbox 908 3231 1000 3290; x_wconf 90' lang='lat' dir='ltr'><strong>antea</strong></span> <span class='ocrx_word' id='word_1_233' title='bbox 1029 3245 1120 3290; x_wconf 90' lang='lat' dir='ltr'><strong>usum</strong></span> <span class='ocrx_word' id='word_1_234' title='bbox 1150 3225 1232 3289; x_wconf 88' lang='lat' dir='ltr'><strong>haud</strong></span> <span class='ocrx_word' id='word_1_235' title='bbox 1257 3225 1402 3307; x_wconf 84' lang='lat' dir='ltr'><strong>exiguum</strong></span> <span class='ocrx_word' id='word_1_236' title='bbox 1428 3245 1514 3290; x_wconf 91' lang='lat' dir='ltr'><strong>acce·</strong></span> 
     </span>
     <span class='ocr_line' id='line_1_27' title="bbox 294 3337 1514 3425; baseline 0.003 -25"><span class='ocrx_word' id='word_1_237' title='bbox 294 3345 400 3420; x_wconf 85' lang='lat' dir='ltr'><strong>perat,</strong></span> <span class='ocrx_word' id='word_1_238' title='bbox 430 3337 503 3402; x_wconf 91' lang='lat' dir='ltr'><strong>inde</strong></span> <span class='ocrx_word' id='word_1_239' title='bbox 528 3338 565 3402; x_wconf 91' lang='lat' dir='ltr'><strong>ab</strong></span> <span class='ocrx_word' id='word_1_240' title='bbox 590 3357 626 3402; x_wconf 91' lang='lat' dir='ltr'><strong>eo</strong></span> <span class='ocrx_word' id='word_1_241' title='bbox 651 3357 731 3401; x_wconf 91' lang='lat' dir='ltr'><strong>anno</strong></span> <span class='ocrx_word' id='word_1_242' title='bbox 756 3338 855 3403; x_wconf 93' lang='lat' dir='ltr'><strong>solam</strong></span> <span class='ocrx_word' id='word_1_243' title='bbox 879 3346 1058 3405; x_wconf 91' lang='lat' dir='ltr'><strong>constanter</strong></span> <span class='ocrx_word' id='word_1_244' title='bbox 1082 3348 1264 3425; x_wconf 91' lang='lat' dir='ltr'><strong>usurpatam</strong></span> <span class='ocrx_word' id='word_1_245' title='bbox 1285 3340 1390 3405; x_wconf 88' lang='lat' dir='ltr'><strong>fuisse.</strong></span> <span class='ocrx_word' id='word_1_246' title='bbox 1427 3339 1514 3417; x_wconf 84' lang='lat' dir='ltr'><strong>Quod</strong></span> 
     </span>
     <span class='ocr_line' id='line_1_28' title="bbox 295 3451 1514 3539; baseline 0.005 -26"><span class='ocrx_word' id='word_1_247' title='bbox 295 3451 419 3534; x_wconf 90' lang='lat' dir='ltr'><strong>quidem</strong></span> <span class='ocrx_word' id='word_1_248' title='bbox 448 3459 581 3538; x_wconf 88' lang='lat' dir='ltr'><strong>apparet</strong></span> <span class='ocrx_word' id='word_1_249' title='bbox 605 3473 621 3517; x_wconf 89' lang='lat' dir='ltr'><strong>e</strong></span> <span class='ocrx_word' id='word_1_250' title='bbox 645 3453 794 3535; x_wconf 82' lang='lat' dir='ltr'><strong>catalogis</strong></span> <span class='ocrx_word' id='word_1_251' title='bbox 817 3452 880 3517; x_wconf 92' lang='lat' dir='ltr'><strong>illis</strong></span> <span class='ocrx_word' id='word_1_252' title='bbox 905 3453 950 3532; x_wconf 82' lang='lat' dir='ltr'><strong>(C.</strong></span> <span class='ocrx_word' id='word_1_253' title='bbox 969 3454 991 3518; x_wconf 91' lang='lat' dir='ltr'><strong>l.</strong></span> <span class='ocrx_word' id='word_1_254' title='bbox 1008 3455 1046 3519; x_wconf 88' lang='lat' dir='ltr'><strong>A.</strong></span> <span class='ocrx_word' id='word_1_255' title='bbox 1071 3476 1102 3520; x_wconf 90' lang='lat' dir='ltr'><strong>n.</strong></span> <span class='ocrx_word' id='word_1_256' title='bbox 1121 3458 1184 3520; x_wconf 72' lang='lat'><strong>226</strong></span> <span class='ocrx_word' id='word_1_257' title='bbox 1201 3458 1316 3539; x_wconf 87' lang='lat' dir='ltr'><strong>seqq),</strong></span> <span class='ocrx_word' id='word_1_258' title='bbox 1345 3456 1377 3519; x_wconf 92' lang='lat' dir='ltr'><strong>in</strong></span> <span class='ocrx_word' id='word_1_259' title='bbox 1402 3457 1514 3538; x_wconf 90' lang='lat' dir='ltr'><strong>quibus</strong></span> 
     </span>
     <span class='ocr_line' id='line_1_29' title="bbox 292 3567 1514 3654; baseline 0.004 -25"><span class='ocrx_word' id='word_1_260' title='bbox 292 3567 445 3650; x_wconf 87' lang='lat' dir='ltr'><strong>inscripta</strong></span> <span class='ocrx_word' id='word_1_261' title='bbox 468 3575 515 3632; x_wconf 92' lang='lat' dir='ltr'><strong>cst</strong></span> <span class='ocrx_word' id='word_1_262' title='bbox 539 3569 735 3649; x_wconf 82' lang='lat' dir='ltr'><strong>sexagesima</strong></span> <span class='ocrx_word' id='word_1_263' title='bbox 759 3581 864 3631; x_wconf 89' lang='lat' dir='ltr'><strong>eorum</strong></span> <span class='ocrx_word' id='word_1_264' title='bbox 890 3569 1090 3650; x_wconf 88' lang='lat' dir='ltr'><strong>tributorum,</strong></span> <span class='ocrx_word' id='word_1_265' title='bbox 1116 3591 1195 3654; x_wconf 87' lang='lat' dir='ltr'><strong>quae</strong></span> <span class='ocrx_word' id='word_1_266' title='bbox 1219 3591 1237 3634; x_wconf 89' lang='lat' dir='ltr'><strong>a</strong></span> <span class='ocrx_word' id='word_1_267' title='bbox 1261 3571 1440 3654; x_wconf 81' lang='lat' dir='ltr'><strong>civitatibus</strong></span> <span class='ocrx_word' id='word_1_268' title='bbox 1464 3590 1514 3634; x_wconf 90' lang='lat' dir='ltr'><strong>so·</strong></span> 
     </span>
     <span class='ocr_line' id='line_1_30' title="bbox 293 3680 1539 3768; baseline 0.004 -24"><span class='ocrx_word' id='word_1_269' title='bbox 293 3681 415 3745; x_wconf 89' lang='lat' dir='ltr'><strong>cietatis</strong></span> <span class='ocrx_word' id='word_1_270' title='bbox 445 3680 554 3747; x_wconf 90' lang='lat' dir='ltr'><strong>Deliae</strong></span> <span class='ocrx_word' id='word_1_271' title='bbox 583 3682 826 3747; x_wconf 88' lang='lat' dir='ltr'><strong>Atheniensibus</strong></span> <span class='ocrx_word' id='word_1_272' title='bbox 862 3685 1029 3765; x_wconf 89' lang='lat' dir='ltr'><strong>quotannis</strong></span> <span class='ocrx_word' id='word_1_273' title='bbox 1064 3685 1273 3751; x_wconf 89' lang='lat' dir='ltr'><strong>solvebantur.</strong></span> <span class='ocrx_word' id='word_1_274' title='bbox 1320 3685 1386 3751; x_wconf 92' lang='lat' dir='ltr'><strong>Hos</strong></span> <span class='ocrx_word' id='word_1_275' title='bbox 1418 3687 1539 3768; x_wconf 86' lang='lat' dir='ltr'><strong>igitur·</strong></span> 
     </span>
     <span class='ocr_line' id='line_1_31' title="bbox 294 3795 1514 3886; baseline 0.005 -28"><span class='ocrx_word' id='word_1_276' title='bbox 294 3795 451 3878; x_wconf 84' lang='lat' dir='ltr'><strong>catalogos</strong></span> <span class='ocrx_word' id='word_1_277' title='bbox 475 3796 548 3861; x_wconf 92' lang='lat' dir='ltr'><strong>inde</strong></span> <span class='ocrx_word' id='word_1_278' title='bbox 572 3797 610 3860; x_wconf 91' lang='lat' dir='ltr'><strong>ab</strong></span> <span class='ocrx_word' id='word_1_279' title='bbox 628 3795 675 3860; x_wconf 89' lang='lat' dir='ltr'><strong>Ol.</strong></span> <span class='ocrx_word' id='word_1_280' title='bbox 694 3799 783 3879; x_wconf 81' lang='grc'><strong>81,3</strong></span> <span class='ocrx_word' id='word_1_281' title='bbox 808 3799 1000 3881; x_wconf 85' lang='lat' dir='ltr'><strong>promulgari</strong></span> <span class='ocrx_word' id='word_1_282' title='bbox 1026 3807 1152 3886; x_wconf 91' lang='lat' dir='ltr'><strong>coeptos</strong></span> <span class='ocrx_word' id='word_1_283' title='bbox 1177 3821 1244 3865; x_wconf 88' lang='lat' dir='ltr'><strong>esse</strong></span> <span class='ocrx_word' id='word_1_284' title='bbox 1269 3820 1369 3885; x_wconf 93' lang='lat' dir='ltr'><strong>nuper</strong></span> <span class='ocrx_word' id='word_1_285' title='bbox 1393 3822 1411 3865; x_wconf 94' lang='lat' dir='ltr'><strong>a</strong></span> <span class='ocrx_word' id='word_1_286' title='bbox 1437 3801 1514 3865; x_wconf 90' lang='lat' dir='ltr'><strong>viris</strong></span> 
     </span>
     <span class='ocr_line' id='line_1_32' title="bbox 294 3910 1514 3998; baseline 0.006 -25"><span class='ocrx_word' id='word_1_287' title='bbox 294 3910 393 3975; x_wconf 86' lang='lat' dir='ltr'><strong>doctis</strong></span> <span class='ocrx_word' id='word_1_288' title='bbox 417 3912 574 3992; x_wconf 87' lang='lat' dir='ltr'><strong>cognitum</strong></span> <span class='ocrx_word' id='word_1_289' title='bbox 600 3918 631 3976; x_wconf 90' lang='lat' dir='ltr'><strong>ct</strong></span> <span class='ocrx_word' id='word_1_290' title='bbox 654 3914 890 3998; x_wconf 89' lang='lat' dir='ltr'><strong>comprobatum</strong></span> <span class='ocrx_word' id='word_1_291' title='bbox 917 3922 978 3996; x_wconf 81' lang='lat' dir='ltr'><strong>est,</strong></span> <span class='ocrx_word' id='word_1_292' title='bbox 1007 3936 1100 3998; x_wconf 89' lang='lat' dir='ltr'><strong>quam</strong></span> <span class='ocrx_word' id='word_1_293' title='bbox 1125 3916 1163 3981; x_wconf 92' lang='lat' dir='ltr'><strong>ob</strong></span> <span class='ocrx_word' id='word_1_294' title='bbox 1186 3936 1271 3998; x_wconf 89' lang='lat' dir='ltr'><strong>rem,</strong></span> <span class='ocrx_word' id='word_1_295' title='bbox 1303 3935 1372 3980; x_wconf 90' lang='lat' dir='ltr'><strong>cum</strong></span> <span class='ocrx_word' id='word_1_296' title='bbox 1398 3916 1514 3998; x_wconf 85' lang='lat' dir='ltr'><strong>singuli</strong></span> 
     </span>
     <span class='ocr_line' id='line_1_33' title="bbox 295 4025 1513 4116; baseline 0.006 -28"><span class='ocrx_word' id='word_1_297' title='bbox 295 4025 333 4088; x_wconf 91' lang='lat' dir='ltr'><strong>ad</strong></span> <span class='ocrx_word' id='word_1_298' title='bbox 362 4031 463 4089; x_wconf 91' lang='lat' dir='ltr'><strong>certos</strong></span> <span class='ocrx_word' id='word_1_299' title='bbox 488 4045 586 4090; x_wconf 88' lang='lat' dir='ltr'><strong>annos</strong></span> <span class='ocrx_word' id='word_1_300' title='bbox 610 4027 720 4091; x_wconf 87' lang='lat' dir='ltr'><strong>referri</strong></span> <span class='ocrx_word' id='word_1_301' title='bbox 745 4031 881 4112; x_wconf 84' lang='lat' dir='ltr'><strong>possint,</strong></span> <span class='ocrx_word' id='word_1_302' title='bbox 911 4029 1002 4094; x_wconf 86' lang='lat' dir='ltr'><strong>facile</strong></span> <span class='ocrx_word' id='word_1_303' title='bbox 1027 4030 1101 4096; x_wconf 88' lang='lat' dir='ltr'><strong>licet</strong></span> <span class='ocrx_word' id='word_1_304' title='bbox 1123 4033 1315 4116; x_wconf 78' lang='lat' dir='ltr'><strong>perspicere,</strong></span> <span class='ocrx_word' id='word_1_305' title='bbox 1348 4051 1408 4115; x_wconf 92' lang='lat' dir='ltr'><strong>quo</strong></span> <span class='ocrx_word' id='word_1_306' title='bbox 1432 4051 1513 4096; x_wconf 86' lang='lat' dir='ltr'><strong>anno</strong></span> 
     </span>
     <span class='ocr_line' id='line_1_34' title="bbox 295 4135 1514 4232; baseline 0.007 -29"><span class='ocrx_word' id='word_1_307' title='bbox 295 4137 451 4204; x_wconf 65' lang='lat' dir='ltr'><strong>{forma</strong></span> <span class='ocrx_word' id='word_1_308' title='bbox 480 4161 535 4225; x_wconf 94' lang='lat' dir='ltr'><strong>pro</strong></span> <span class='ocrx_word' id='word_1_309' title='bbox 561 4135 586 4210; x_wconf 76' lang='lat'>5</span> <span class='ocrx_word' id='word_1_310' title='bbox 611 4148 804 4209; x_wconf 89' lang='lat' dir='ltr'><strong>constantem</strong></span> <span class='ocrx_word' id='word_1_311' title='bbox 836 4146 869 4208; x_wconf 93' lang='lat' dir='ltr'><strong>in</strong></span> <span class='ocrx_word' id='word_1_312' title='bbox 901 4165 989 4209; x_wconf 91' lang='lat' dir='ltr'><strong>usum</strong></span> <span class='ocrx_word' id='word_1_313' title='bbox 1015 4148 1145 4212; x_wconf 88' lang='lat' dir='ltr'><strong>venerit.</strong></span> <span class='ocrx_word' id='word_1_314' title='bbox 1193 4147 1234 4212; x_wconf 89' lang='lat' dir='ltr'><strong>Et</strong></span> <span class='ocrx_word' id='word_1_315' title='bbox 1257 4148 1405 4230; x_wconf 87' lang='lat' dir='ltr'><strong>quoniam</strong></span> <span class='ocrx_word' id='word_1_316' title='bbox 1431 4148 1514 4232; x_wconf 92' lang='lat' dir='ltr'><strong>prio-</strong></span> 
     </span>
     <span class='ocr_line' id='line_1_35' title="bbox 294 4252 1512 4346; baseline 0.008 -28"><span class='ocrx_word' id='word_1_317' title='bbox 294 4254 380 4318; x_wconf 90' lang='lat' dir='ltr'><strong>ribus</strong></span> <span class='ocrx_word' id='word_1_318' title='bbox 405 4256 494 4320; x_wconf 92' lang='lat' dir='ltr'><strong>annis</strong></span> <span class='ocrx_word' id='word_1_319' title='bbox 519 4257 610 4322; x_wconf 91' lang='lat' dir='ltr'><strong>modo</strong></span> <span class='ocrx_word' id='word_1_320' title='bbox 636 4252 661 4325; x_wconf 78' lang='lat'>5</span> <span class='ocrx_word' id='word_1_321' title='bbox 687 4257 833 4324; x_wconf 61' lang='lat' dir='ltr'><strong>modo}</strong></span> <span class='ocrx_word' id='word_1_322' title='bbox 857 4267 1027 4346; x_wconf 86' lang='lat' dir='ltr'><strong>comparet,</strong></span> <span class='ocrx_word' id='word_1_323' title='bbox 1053 4283 1071 4327; x_wconf 98' lang='lat' dir='ltr'><strong>a</strong></span> <span class='ocrx_word' id='word_1_324' title='bbox 1094 4283 1176 4328; x_wconf 91' lang='lat' dir='ltr'><strong>nono</strong></span> <span class='ocrx_word' id='word_1_325' title='bbox 1200 4267 1304 4328; x_wconf 89' lang='lat' dir='ltr'><strong>autem</strong></span> <span class='ocrx_word' id='word_1_326' title='bbox 1329 4283 1411 4329; x_wconf 88' lang='lat' dir='ltr'><strong>anno</strong></span> <span class='ocrx_word' id='word_1_327' title='bbox 1436 4264 1468 4342; x_wconf 89' lang='lat' dir='ltr'><strong>(i.</strong></span> <span class='ocrx_word' id='word_1_328' title='bbox 1486 4284 1512 4328; x_wconf 89' lang='lat' dir='ltr'><strong>e.</strong></span> 
     </span>
    </p>
   </div>
   <div class='ocr_carea' id='block_1_5' title="bbox 321 4415 505 4425">
    <p class='ocr_par' dir='ltr' id='par_1_6' title="bbox 321 4415 505 4425">
     <span class='ocr_line' id='line_1_36' title="bbox 321 4415 505 4425; baseline 0.016 -3"><span class='ocrx_word' id='word_1_329' title='bbox 321 4415 505 4425; x_wconf 48' lang='grc' dir='ltr'>φὴ...-</span> 
     </span>
    </p>
   </div>
   <div class='ocr_carea' id='block_1_6' title="bbox 384 4500 740 4564">
    <p class='ocr_par' dir='ltr' id='par_1_7' title="bbox 384 4500 740 4564">
     <span class='ocr_line' id='line_1_37' title="bbox 384 4500 740 4564; baseline 0.011 -11"><span class='ocrx_word' id='word_1_330' title='bbox 384 4502 404 4564; x_wconf 89' lang='lat'><strong>¹)</strong></span> <span class='ocrx_word' id='word_1_331' title='bbox 424 4500 454 4554; x_wconf 84' lang='lat' dir='ltr'><strong>G.</strong></span> <span class='ocrx_word' id='word_1_332' title='bbox 468 4501 489 4555; x_wconf 91' lang='lat' dir='ltr'><strong>l.</strong></span> <span class='ocrx_word' id='word_1_333' title='bbox 503 4501 538 4558; x_wconf 90' lang='lat' dir='ltr'><strong>A.</strong></span> <span class='ocrx_word' id='word_1_334' title='bbox 557 4505 614 4558; x_wconf 81' lang='lat' dir='ltr'><strong>nb</strong></span> <span class='ocrx_word' id='word_1_335' title='bbox 633 4507 661 4556; x_wconf 88' lang='lat' dir='ltr'><strong>et</strong></span> <span class='ocrx_word' id='word_1_336' title='bbox 679 4503 740 4557; x_wconf 87' lang='grc'><strong>333.</strong></span> 
     </span>
    </p>
   </div>
   <div class='ocr_carea' id='block_1_7' title="bbox 0 0 1758 5220">
    <p class='ocr_par' dir='ltr' id='par_1_8' title="bbox 0 0 1758 5220">
     <span class='ocr_line' id='line_1_38' title="bbox 0 0 1758 5220; baseline 0 0"><span class='ocrx_word' id='word_1_337' title='bbox 0 0 1758 5220; x_wconf 95' lang='lat' dir='ltr'><strong> </strong></span> 
     </span>
    </p>
   </div>
   <div class='ocr_carea' id='block_1_8' title="bbox 1740 2598 1747 3726">
    <p class='ocr_par' dir='ltr' id='par_1_9' title="bbox 1740 2598 1747 3726">
     <span class='ocr_line' id='line_1_39' title="bbox 1740 2598 1747 3726; baseline 0 0"><span class='ocrx_word' id='word_1_338' title='bbox 1740 2598 1747 3726; x_wconf 95' lang='lat' dir='ltr'><strong> </strong></span> 
     </span>
    </p>
   </div>
  </div>
 </body>
</html>
