3488 5224
823 341 867 406 63

237 517 414 603 promiscue
437 515 680 600 usurpabantur.
710 515 834 594 Eodem
857 516 923 582 fere
945 517 1097 601 temporis
1120 522 1236 601 puncto
1259 518 1319 594 (ca.
1337 516 1385 582 01.
1402 518 1458 598 62)

236 628 473 717 διιεῐτορὴίοαιη
495 631 683 716 scripturam
708 630 882 697 exolevisse
905 630 1076 697 verisimile
1100 637 1156 696 est.

324 750 355 812 5.
379 747 540 813 Extremis
563 747 644 812 sexti
668 746 784 812 saeculi
801 746 960 811 decenniis
985 747 1044 824 (ca.
1062 746 1109 812 Ol.
1128 746 1182 825 65)
1209 745 1311 831 prima
1327 745 1460 826 vestigia

236 862 470 928 recentissimae
494 860 520 927 Ε
543 862 663 926 formae
691 862 908 946 reperiuntur3
938 862 1131 946 antiquiores
1155 866 1260 927 autem
1283 860 1404 926 formae
1427 858 1457 945 Ε

236 984 268 1043 et
292 975 336 1056 ΕΙ
350 984 381 1043 et
404 977 493 1062 ipsae
516 979 612 1042 etiam
629 982 739 1061 postca
763 977 1011 1042 admittebantur
1034 977 1080 1056 (6.
1097 976 1121 1042 Ι.
1138 978 1176 1042 Α.
1193 997 1224 1041 n.
1242 978 1307 1041 349
1324 981 1356 1041 et
1371 977 1459 1056 351).

324 1094 354 1157 6.
391 1092 483 1157 Initio
501 1092 603 1176 quinti
626 1092 741 1158 saeculi
765 1093 814 1158 vel
831 1092 925 1178 paulo
950 1097 1042 1158 antea
1067 1091 1124 1172 (ca.
1144 1091 1191 1158 Ol.
1210 1093 1264 1172 68)
1288 1091 1460 1158 dlitterae

236 1209 365 1291 antiqua
387 1203 425 1279 Θ
449 1207 552 1272 forma
574 1208 607 1272 in
631 1207 867 1273 desuetudinem
894 1207 981 1290 abiit,
1009 1214 1041 1273 et
1064 1204 1095 1273 Θ
1119 1209 1222 1273 forma
1244 1207 1317 1274 inde
1341 1205 1461 1272 abhoc

235 1329 377 1408 tempore
401 1328 596 1388 constantem
620 1343 711 1388 usum
736 1323 859 1409 accepit
882 1321 929 1402 (C.
947 1322 969 1387 Ι.
989 1324 1027 1387 Α.
1044 1343 1075 1387 n.
1091 1324 1133 1391 47
1137 1324 1180 1402 9).

323 1440 353 1504 7.
389 1437 480 1502 Haud
509 1438 555 1502 ita
584 1437 683 1504 multo
713 1445 785 1523 post
808 1443 866 1516 (ca.
883 1436 932 1503 Ol.
951 1439 993 1502 70
1008 1473 1047 1483 -
1062 1439 1117 1517 71)
1140 1437 1316 1503 litterarum
1346 1435 1400 1522 My
1429 1431 1472 1503 et'

237 1553 288 1638 Ny
322 1553 560 1635 antiquissimae
596 1551 638 1615 [a
676 1559 707 1618 et
742 1551 773 1618 Ν
814 1554 934 1619 formae
971 1553 1144 1619 exolevisse
1178 1552 1334 1620 videntur.
1380 1551 1457 1618 Cum

234 1667 339 1734 nullae
368 1667 458 1732 nobis
489 1672 614 1734 exstent
636 1669 876 1752 inscriptiones,
908 1688 987 1752 quae
1010 1669 1093 1734 inter
1117 1687 1214 1733 annos
1238 1666 1285 1732 Ol.
1305 1667 1458 1731 70-75

235 1783 429 1867 compositae
457 1783 535 1866 sint,
569 1790 714 1850 accurate
741 1784 863 1850 scilicet
886 1785 924 1849 de
948 1784 1006 1850 hac
1037 1804 1071 1848 rc
1089 1782 1227 1866 judicari
1250 1782 1373 1864 nequit,
1403 1782 1458 1848 sed

235 1898 309 1981 quia
334 1898 400 1980 jam
426 1917 471 1962 oa.
489 1897 537 1964 01.
556 1901 597 1964 76
620 1897 675 1984 My
698 1899 823 1964 litterae
846 1899 1062 1965 recentissima
1085 1896 1117 1964 Μ
1138 1899 1241 1963 forma
1263 1898 1456 1980 frequentem

234 2031 325 2079 usum
350 2012 459 2079 habuit
481 2014 528 2092 (C.
546 2013 568 2078 l.
586 2015 625 2078 A.
642 2035 673 2078 n.
691 2016 735 2096 5),
761 2011 800 2078 Μ
825 2020 857 2080 et
882 2010 912 2077 Ν
938 2015 1056 2080 formas
1081 2019 1153 2099 post
1176 2012 1222 2078 Ol.
1242 2014 1285 2078 70
1303 2013 1370 2095 jam
1394 2032 1456 2078 non

234 2128 266 2192 in
291 2149 349 2193 usu
372 2129 470 2194 fuisse
494 2129 663 2196 verisimile
688 2135 744 2196 est.

324 2245 354 2308 8.
389 2243 618 2324 Recentissima
644 2245 741 2327 igitur
765 2242 798 2310 Μ
822 2245 925 2310 forma
952 2246 1087 2310 fortasse
1116 2263 1161 2309 ca.
1180 2241 1227 2308 Ol.
1246 2243 1286 2308 72
1300 2277 1341 2288 -
1356 2242 1397 2305 75
1424 2241 1456 2306 in

233 2379 325 2424 usum
349 2360 444 2425 venit.
480 2360 586 2443 Atque
611 2360 719 2426 eodem
742 2361 808 2426 fere
831 2366 974 2445 tempore
997 2354 1092 2424 etiam
1117 2384 1139 2422 α
1162 2358 1286 2423 litterae
1301 2357 1456 2422 noviciam

236 2474 259 2541 ll
289 2475 423 2540 formam
454 2475 591 2560 primum
624 2480 806 2559 usurpatam
837 2496 906 2541 esse
929 2475 1145 2540 coniciendum
1170 2479 1232 2556 est,
1261 2493 1330 2539 eum
1361 2492 1455 2537 unum

236 2589 361 2655 titulum
388 2588 434 2667 (C.
452 2589 474 2653 l.
492 2590 532 2655 A.
550 2611 579 2654 n.
599 2591 676 2673 333)
694 2591 746 2674 qui
766 2589 813 2656 Ol.
832 2592 873 2656 76
898 2591 1034 2676 scriptus
1058 2597 1115 2674 est,
1139 2589 1219 2654 hanc
1238 2589 1371 2653 formam
1388 2587 1456 2671 jam
1559 2635 1561 2637 -

235 2710 414 2770 constanter
439 2704 585 2771 exhibere
608 2703 789 2771 viderimus.
1311 2729 1317 2741 ¹

323 2822 353 2885 9.
388 2815 449 2885 Ad'
462 2819 510 2886 Ol.
524 2822 566 2886 76
589 2821 654 2887 fere
676 2822 909 2887 consuetudinis
926 2822 1090 2907 στοιχηδόν
1105 2819 1262 2885 scribendi
1283 2818 1457 2904 primordia

235 2937 409 3002 revocanda
432 2942 520 3017 sunt;
544 2957 617 3001 nam
634 2938 785 3021 quamvis.
801 2938 861 3002 duo
877 2937 961 3002 tituli
985 2957 1031 3002 ca.
1049 2936 1096 3001 Ol.
1114 2937 1156 3001 76
1173 2935 1294 3000 exarati
1311 2934 1357 3011 (C.
1375 2933 1398 2998 l.
1417 2936 1455 2999 A.

235 3050 304 3114 n.5
328 3057 359 3116 et
381 3072 412 3116 n.
431 3053 508 3135 333)
533 3054 703 3137 supersint,
727 3073 858 3137 quorum
883 3052 1007 3118 litterae
1034 3051 1172 3115 nondum
1197 3051 1361 3136 στοιχηόόν
1384 3056 1458 3115 sunt
1564 3103 1565 3108 1

234 3164 415 3250 dispositae,
440 3173 544 3232 tamen
568 3167 626 3233 hoc
649 3174 791 3253 tempore
814 3175 898 3234 certe
922 3189 942 3268 a
970 3166 1129 3232 nonnullis
1153 3155 1316 3250 στοιχηδόν
1338 3165 1455 3231 scribe-

235 3279 341 3364 batur,
372 3289 541 3366 propterea
569 3284 652 3367 quod
682 3304 727 3350 oa.
745 3283 793 3349 Ol.
810 3285 907 3348 78-
922 3285 963 3348 79
988 3282 1065 3347 haec
1095 3282 1252 3366 scriptura
1275 3280 1369 3366 plane
1393 3281 1456 3346 osi·
1543 3343 1546 3349 .

234 3400 301 3460 tata
323 3396 391 3460 soit.

323 3509 421 3576 Porro
444 3531 490 3576 ca.
508 3511 556 3578 01.
574 3514 615 3578 76
640 3520 781 3580 extrema
804 3511 937 3596 vestigia
958 3513 1132 3577 formarum
1155 3506 1214 3595 ΛΑ,
1238 3509 1268 3590 R
1292 3507 1323 3592 Ε
1349 3530 1456 3576 occur-

236 3631 310 3690 runt
344 3625 390 3705 (C.
412 3625 434 3691 l.
457 3627 498 3692 Α.
519 3649 549 3692 ιι.
572 3629 667 3711 333),
702 3649 780 3712 quas
814 3630 931 3694 formas
966 3629 1082 3694 idcirco
1116 3632 1199 3692 certe
1235 3631 1307 3692 anto
1341 3626 1389 3692 Ol.
1413 3627 1455 3691 80

235 3740 409 3806 exolevisse
432 3743 624 3827 opinandum
649 3751 705 3810 est.
1037 3733 1043 3745 ’
1306 3748 1309 3753 ’

322 3857 373 3922 Ad
407 3857 490 3922 idem
524 3857 590 3923 fere
624 3865 749 3945 tempus
778 3862 836 3938 (ca.
861 3858 908 3925 Ol.
931 3861 986 3937 76)
1022 3857 1186 3924 referenda
1220 3857 1354 3939 denique
1382 3862 1457 3950 sunt

234 3972 468 4038 recentissimae
494 3969 523 4037 Ν
548 3973 668 4040 formae
690 3975 796 4058 initia,
827 3994 896 4039 oum
921 3975 998 4040 haec
1020 3975 1125 4040 forma
1151 3974 1184 4039 in
1207 3971 1298 4039 titulo
1323 3970 1356 4036 C.
1373 3972 1396 4037 Ι.
1413 3971 1452 4036 Α.

233 4087 301 4152 n.5
324 4087 371 4152 bis
395 4087 584 4173 compareat.
614 4169 617 4174 .
1522 4083 1527 4089 ’

325 4205 374 4268 10.
402 4202 455 4268 Ca.
473 4202 521 4268 01.
539 4205 582 4270 80
596 4204 717 4270 formae
738 4191 783 4288 6,
807 4203 849 4289 Α,
874 4200 919 4288 Ν,
945 4201 975 4270 Ν
1000 4225 1108 4292 parem
1136 4205 1201 4272 fere
1224 4224 1314 4268 nsum
1337 4202 1453 4268 hebue-

233 4324 321 4401 runt,
357 4319 402 4383 ita
436 4325 470 4384 ut
505 4320 718 4403 unusquisque
753 4320 893 4406 scalptos
925 4321 1088 4405 utriusque
1116 4319 1240 4384 litterae
1260 4318 1452 4383 alterutram

232 4433 364 4499 formam
389 4434 573 4518 plerumque
596 4435 734 4500 incidere
758 4435 882 4500 soleret.
919 4433 971 4499 Sic
994 4434 1105 4500 harum
1121 4435 1293 4500 formarum
1317 4434 1453 4518 quadru-

232 4548 303 4634 plus
328 4548 379 4614 ille
403 4570 477 4614 usus
502 4551 633 4634 exstitit,
658 4571 749 4634 quem
774 4571 871 4635 supra
894 4551 1021 4616 uberius
1045 4552 1317 4636 pertractavimus.
