3488 5224
787 361 829 424 33

196 538 228 600 in
252 531 375 598 Cretam
402 540 530 599 seeutus'
551 555 618 598 esse
628 531 660 616 ¹),
685 555 746 618 qua
769 557 804 600 re
828 536 1017 619 perspicitur
1033 535 1208 602 Pausaniae
1229 539 1423 621 temporibus
1449 515 1451 517 ¹

196 668 266 714 eum
291 649 329 714 ad
353 650 595 714 remotissimam
624 651 842 732 antiquitatem
873 652 969 716 fuisse
999 651 1148 732 relatum;
1179 651 1291 716 deinde
1319 658 1422 718 autom

195 764 263 848 ipse
285 763 458 830 Pausanias
488 764 658 830 simulacra
686 765 790 847 lignea
819 767 857 830 ab
891 766 944 830 illo
974 767 1116 832 eonfeota
1144 787 1177 831 se
1208 767 1324 832 vidisse
1354 789 1424 852 per-

195 874 321 960 hibera.
364 880 411 944 De
427 879 583 944 Aristoole
608 886 712 945 autem
737 880 816 945 nihil
832 880 984 962 ejusmodi
1003 902 1021 945 a
1039 880 1195 946 veteribus
1220 883 1425 967 scriptoribus

194 996 382 1078 accepimus,
408 1014 499 1077 quam
525 997 563 1058 ob
587 1015 653 1059 rem
678 995 711 1059 in
736 996 802 1078 ejus
819 1001 921 1060 aetate
938 995 1113 1060 delinienda
1138 968 1212 1062 solis
1235 1017 1272 1062 ex
1291 998 1329 1062 iis
1346 1019 1425 1082 quae

194 1109 285 1175 nobis
311 1114 437 1175 exstant
459 1110 672 1174 monumentis
701 1109 739 1174 ab
765 1131 800 1175 eo
824 1110 915 1175 fartis
939 1110 1007 1176 fieri
1037 1117 1140 1195 potest
1163 1113 1330 1178 oonolusio.
1378 1113 1425 1178 De

193 1230 297 1290 aetate
321 1224 430 1289 horum
455 1230 743 1306 monumentorum,
768 1226 933 1309 quaejam
959 1247 1056 1310 supra
1078 1227 1254 1309 nominavi,
1285 1247 1424 1311 quaeque

193 1339 396 1404 inveniuntur
419 1338 452 1404 C.
479 1339 501 1404 l.
527 1339 565 1405 A.
591 1360 620 1403 n.
640 1341 705 1404 344
722 1345 753 1404 et
777 1361 807 1405 n.
831 1341 897 1404 464
921 1341 998 1406 haec
1021 1341 1159 1407 maxime
1183 1363 1201 1406 a
1224 1343 1301 1407 viris
1325 1343 1424 1408 dootis

189 1453 333 1536 judicata
357 1462 440 1519 sunt.

283 1565 467 1647 Sebbllius³l
503 1569 543 1634 ad
573 1569 793 1652 antiquitatem
825 1589 919 1653 quam
945 1572 1123 1636 maximam
1156 1571 1345 1635 Aristoclem
1375 1592 1424 1636 re-

179 1683 274 1748 'ferro
297 1683 357 1749 sibi
383 1685 520 1766 videtur,
549 1704 620 1748 oum
645 1703 715 1748 eum
740 1704 785 1748 oa.
805 1684 854 1750 01.
874 1687 916 1749 ΤΟ
939 1686 973 1748 in
998 1683 1075 1750 llore
1100 1687 1212 1751 aetatis
1235 1686 1332 1750 fuisse
1357 1687 1424 1770 opi-

192 1804 295 1864 netur.
332 1799 491 1864 Bruanius
502 1795 526 1882 ⁴)
554 1805 658 1864 autem
685 1805 811 1864 auctore
834 1798 1008 1882 Boeekhio,
1039 1802 1092 1884 qui
1118 1800 1224 1866 titulos
1248 1801 1318 1865 illos
1342 1801 1426 1864 intra

136 1977 138 1980 .
195 1933 294 1979 annos
311 1914 358 1980 01.
379 1917 510 1981 75-85
534 1921 680 1980 exaratos
707 1934 776 1980 esse
799 1914 1013 1998 contenderat,
1037 1916 1227 1981 Aristoolem
1252 1936 1297 1981 ca.
1314 1915 1362 1981 ol.
1381 1917 1424 1980 80

194 2030 311 2095 vixisse
335 2031 507 2096 existimat.
543 2029 628 2096 Haeo
643 2029 776 2095 Brunnii
801 2031 906 2114 opinio
931 2031 1050 2115 pariter
1075 2037 1167 2114 atque
1191 2031 1246 2096 illa
1270 2051 1363 2115 quam
1384 2031 1422 2094 de

190 2144 313 2210 Endoei
338 2152 441 2212 aetate
465 2150 628 2227 statuerat,
654 2166 673 2209 a
696 2144 804 2209 multis
828 2145 862 2209 in
885 2145 1013 2210 dubium
1032 2152 1142 2211 vocata
1166 2153 1197 2211 et
1214 2147 1301 2212 rarie
1317 2167 1422 2211 emen·

191 2261 267 2326 data
298 2267 353 2326 est.
402 2263 449 2327 Ao
479 2262 616 2345 primum
647 2257 848 2340 Bursianus⁵l
878 2282 976 2326 annos
1005 2260 1052 2326 01.
1078 2250 1223 2327 70-7'5
1255 2261 1422 2326 Aristoulis
1496 2237 1504 2252 ⁰

192 2383 326 2442 aetatem
358 2397 426 2443 esse
457 2376 639 2441 arbitratur.
689 2375 810 2440 Deinde
835 2376 1047 2443 Overbeokius
1076 2377 1109 2440 in
1141 2377 1244 2461 prima
1272 2376 1344 2442 libri
1373 2378 1421 2441 sui

192 2487 359 2575 editione⁶l
386 2492 477 2557 ambo
500 2491 667 2556 Aristoelis
692 2513 788 2576 opera
811 2512 856 2557 ea.
875 2491 922 2556 Ol.
941 2494 984 2557 60
1007 2491 1149 2557 eonfeota
1173 2512 1241 2557 esse
1265 2493 1421 2574 oonjeotu-

191 2627 260 2671 ram
286 2607 373 2690 fauit,
399 2607 453 2672 sed
478 2606 577 2672 altera
602 2603 767 2684 editione⁷l
792 2614 828 2672 ut
847 2608 1022 2690 Endoeum,
1046 2608 1091 2671 ita
1115 2607 1211 2672 etiarn
1230 2607 1419 2672 Aristoclem
1527 2593 1530 2596 ⁴

190 2721 231 2787 ad
256 2723 375 2788 seriora
397 2723 494 2789 refert
517 2730 670 2807 tempora,
696 2729 727 2788 et
750 2723 833 2788 huno
857 2723 982 2807 quidem
1006 2723 1082 2788 inde
1099 2722 1138 2787 ab
1154 2721 1202 2787 01.
1222 2725 1263 2787 10
1277 2719 1420 2786 floruisse

185 2839 318 2922 judicat.
366 2839 509 2924 Denique
539 2835 748 2925 Friedriohs⁸l
784 2839 881 2924 pilam
912 2838 1084 2903 Aristionis
1124 2838 1207 2902 intra
1242 2856 1340 2902 annos
1370 2836 1418 2902 01.

192 2957 334 3020 70-80
362 2960 468 3020 censet
497 2975 566 3020 esse
594 2955 777 3021 confestam.
830 2953 880 3019 Sic
910 2975 1018 3019 omnes
1043 2953 1210 3018 Aristoelis
1238 2973 1334 3038 opera
1357 2973 1419 3016 non

190 3076 264 3135 ante
289 3069 397 3136 0170
426 3071 599 3154 composita
627 3091 695 3135 esse
719 3071 932 3149 consentiunt;
964 3070 1049 3134 solus
1074 3068 1235 3134 Overbeok
1259 3069 1292 3132 in
1317 3067 1419 3152 prima

189 3186 328 3251 editione
351 3187 552 3252 remotiorem
570 3167 757 3251 uetustatem
776 3185 927 3267 voluerat,
953 3185 1008 3250 sad
1032 3191 1142 3270 postea
1166 3204 1237 3248 eum
1253 3183 1333 3248 hanc
1351 3184 1419 3267 opi·
1462 3261 1464 3265 ,

187 3301 315 3366 nionem
349 3301 508 3367 remisisse
536 3301 682 3365 vidimus.
730 3301 777 3366 Ao
805 3299 945 3380 Brunnio
976 3319 1048 3365 vero
1079 3300 1173 3364 etiam
1203 3304 1274 3383 post
1303 3297 1350 3363 01.
1375 3301 1439 3362 80,

188 3417 379 3482 Aristoclem
405 3417 521 3482 vixisse
545 3417 623 3481 satis
648 3416 771 3481 videtur
794 3415 965 3500 probabile.

279 3531 351 3597 Jam
381 3533 468 3616 prius
498 3531 621 3596 videtur
649 3551 717 3596 esse
747 3531 900 3613 agendum
933 3531 971 3595 de
1001 3530 1092 3594 titulo
1116 3528 1170 3593 illo
1194 3528 1332 3610 donarii,
1363 3528 1416 3612 qui

145 3659 166 3690 ³
188 3653 334 3733 repertus
370 3651 418 3712 est
452 3648 485 3711 in
520 3647 651 3713 eeclesia
685 3647 820 3712 Hieraoa
855 3647 931 3729 viui,
972 3665 1126 3730 quemque
1161 3644 1282 3728 primus
1318 3643 1417 3708 edidit

284 3807 303 3868 ¹)
321 3804 403 3858 Paus.
418 3805 438 3870 l,
458 3805 501 3872 26,
519 3803 545 3856 4.

279 3901 302 3966 ²)
319 3901 400 3954 Paus.
413 3901 474 3968 Vll,
494 3902 519 3968 5,
540 3901 564 3953 9.

278 3996 667 4066 ⁸)·Areha01.n1itthorrungen
686 4013 736 4050 ans
755 3994 953 4051 Grieehenland
972 4011 999 4062 p.
1012 3994 1056 4047 47.

278 4097 299 4160 ⁴)
320 4094 419 4149 Gesob.
433 4094 481 4148 der
500 4093 601 4163 grieoh.
615 4094 745 4148 Kiinstler
764 4095 784 4162 1,
804 4110 829 4162 p.
847 4094 905 4146 106.

278 4195 300 4258 5)
318 4192 492 4245 Fleckeisen:
517 4189 687 4246 Jahrbiioher
705 4195 770 4244 torn.
785 4191 831 4258 73,
851 4207 877 4258 p.
891 4189 943 4242 514
962 4194 989 4242 et
1009 4187 1215 4256 Realeneyelop.
1235 4191 1287 4239 eto.
1307 4183 1378 4238 Seot.
1394 4184 1412 4250 l,

187 4295 255 4343 tom.
269 4290 312 4358 82,
331 4306 358 4358 p.
371 4289 431 4342 404.

279 4389 300 4451 ὅ1
319 4385 478 4440 Gesander
496 4384 598 4453 grieoh.
612 4383 716 4438 Plastik
735 4385 772 4452 1¹,
792 4401 818 4452 p.
829 4384 887 4453 98.Χ

280 4485 301 4550 ⁷)
319 4484 336 4538 l.
351 4499 373 4536 o.
389 4485 419 4537 12
436 4500 461 4553 p.
480 4483 542 4553 1393
562 4480 596 4535 of.
609 4499 635 4550 p.
651 4483 710 4535 115.

278 4583 300 4646 ⁸)
316 4581 468 4635 Bausteine
486 4596 534 4634 nur
553 4578 716 4635 Gesohiolrte
735 4577 783 4632 der
801 4574 1118 4646 grieobisob-rbmisehon
1137 4572 1242 4626 Plastik
1260 4573 1281 4642 l,
1300 4589 1326 4640 p.
1342 4572 1384 4626 28.

1165 4671 1182 4724 3
1285 4664 1288 4671 .
