3488 5224
911 400 957 464 34

326 573 533 653 Boeokhius¹)
558 597 575 640 a
598 576 781 641 Fourmonti
813 575 993 660 apographo
1023 575 1155 658 quodam
1186 574 1466 640 inaccuratissimo.
1513 573 1546 638 Id

328 697 431 756 autem
461 692 656 776 exemplum,
685 691 768 775 qnod
791 689 1000 756 Kirchhoftins
1023 691 1056 754 in
1080 689 1114 755 Ο.
1132 689 1154 754 I.
1172 691 1210 755 A.
1233 711 1263 755 n.
1281 692 1347 756 344
1370 710 1387 755 c
1411 688 1548 754 delinea-

325 807 411 871 tione
434 805 536 872 Rossii
561 807 681 890 prodit,
706 806 804 870 multo
829 807 979 889 majorem
1003 805 1098 870 habet
1120 804 1228 884 fidem3
1258 805 1375 870 sedne
1398 805 1457 869 hoc
1480 805 1548 888 qui·

326 921 397 985 dem
428 920 521 1005 plano
550 927 730 986 accuratum
761 942 827 986 esse
857 921 949 986 hodie
973 924 1104 986 constat.
1152 919 1248 1005 Lapis
1272 921 1355 986 enim
1378 921 1466 1003 ipse,
1495 919 1548 1001 qui

326 1037 442 1102 nostris
471 1035 579 1101 diebus
603 1037 668 1120 jam
698 1057 761 1101 non
786 1043 910 1101 exstare
933 1035 1118 1120 putabatur,
1148 1036 1328 1119 nuperrime
1352 1055 1370 1100 a
1392 1033 1548 1115 Lollingio

328 1151 429 1216 denuo
452 1156 501 1216 cst
522 1158 683 1235 repertus:
716 1153 793 1234 „auf
813 1152 913 1218 eincm
940 1151 1165 1216 Sohntthaufon
1189 1150 1291 1216 hinter
1314 1150 1385 1215 dem
1408 1149 1548 1214 Klostsr-

328 1272 403 1349 gnte
428 1267 482 1331 des
506 1265 620 1331 Dorfes
643 1266 809 1332 Hieraca.“
845 1266 1020 1348 Loiiingius
1044 1266 1149 1330 statim
1176 1265 1214 1330 ad
1231 1265 1457 1330 Kirchhoffium
1482 1283 1548 1329 rem

327 1381 454 1462 detulit,
484 1381 574 1463 eique
605 1383 818 1467 apographum
850 1388 882 1446 et
907 1383 969 1461 ¹duo
995 1381 1229 1466 ectypa-misit,
1260 1399 1392 1463 quorum
1416 1379 1548 1444 alterum

328 1497 484 1580 inspicere
514 1502 545 1562 et
574 1497 749 1562 exscribere
772 1496 982 1563 Kirchhoffius
1011 1497 1087 1560 mihi
1118 1516 1240 1560 summa
1268 1515 1336 1560 cum
1361 1493 1550 1560 liberalitate

329 1613 484 1697 permisit.
531 1610 598 1676 Hoc
628 1612 843 1698 apographum
870 1632 887 1677 a
911 1633 960 1676 me
990 1611 1124 1694 factum,
1155 1611 1236 1694 quod
1265 1611 1341 1676 satis
1371 1615 1550 1674 accuratum

328 1747 396 1793 esse
411 1726 621 1793 Kirchhottius
646 1727 852 1810 confirmavit,
877 1747 945 1792 curn
971 1727 1129 1813 nonnullis
1153 1727 1230 1792 iocis
1253 1726 1389 1790 aRossii
1406 1723 1549 1808 exemplo

328 1843 486 1906 diversum
516 1843 571 1926 sit,
603 1850 732 1928 propter
761 1843 979 1925 gravissimam
1010 1844 1100 1926 hujus
1128 1842 1212 1907 tituli
1244 1843 1463 1908 auctoritatem
1492 1839 1551 1904 hoc

326 1957 394 2022 loco
418 1957 633 2026 videturesse
657 1960 827 2026 edendum:

330 2983 476 3067 Legitur:
502 2979 676 3068 ἇνέθηκ[εν
695 2980 929 3072 Ι’Λ]ριστοκλῆς
952 2984 1105 3071 antiquar.

418 3097 507 3174 Quod
532 3097 710 3182 exemplum
736 3100 856 3164 sicum
883 3100 952 3183 illo,
979 3101 1116 3183 quodin
1140 3099 1279 3185 Corpore
1301 3100 1397 3165 inscr.
1416 3101 1481 3165 Att.
1499 3121 1554 3166 cx-

331 3218 413 3295 stat,
443 3232 678 3297 comparamus,
709 3215 844 3298 primurn
876 3214 976 3278 elucet
1003 3214 1156 3298 lapidem,
1192 3220 1395 3300 posteaquam
1424 3215 1553 3280 Rossius

331 3328 610 3412 eumoxscripsit,
635 3328 729 3393 otiam
754 3329 854 3409 magis
879 3349 947 3393 esse
970 3329 1159 3411 mutilatum,
1184 3349 1255 3395 curn
1280 3351 1298 3394 a
1321 3331 1450 3395 sinistra
1473 3311 1555 3394 desit

331 3443 483 3528 superior
503 3461 620 3523 margo.
668 3442 747 3506 Tum
771 3449 798 3507 θ
822 3442 945 3508 litterae
971 3464 1050 3510 crux
1072 3465 1137 3509 non
1161 3450 1209 3509 est
1232 3445 1373 3528 obliqua,
1402 3445 1458 3510 sed
1481 3463 1554 3509 con-

331 3558 464 3642 spicitur
486 3562 636 3622 consueta
659 3557 714 3620 illa
738 3557 777 3634 Θ
802 3557 913 3623 forma.
953 3559 1091 3624 Caninac
1115 3563 1220 3624 autem
1244 3558 1368 3626 litterae
1393 3565 1555 3644 comparet

333 3669 356 3738 Ρ
380 3673 481 3736 forma
504 3692 561 3756 pro
588 3671 622 3738 R.
665 3665 811 3755 Denique
832 3673 960 3739 artificis
983 3676 1148 3758 inscriptio
1172 3675 1285 3739 litteris
1311 3675 1471 3759 aliquanto
1495 3675 1580 3739 mi··

332 3787 460 3851 noribus
490 3787 608 3870 scripta
635 3791 698 3868 ost,
730 3808 823 3871 quarn
847 3789 916 3873 ipse
939 3789 1049 3853 titulus
1074 3789 1196 3872 dequo
1221 3796 1391 3874 supersunt
1413 3791 1552 3856 litterae:

334 3897 459 3986 ἇνεθηκ
477 3949 509 3964 ..

421 4014 469 4080 De
501 4014 632 4097 singulis
661 4015 752 4099 hujus
782 4017 866 4082 tituli
889 4017 1002 4084 litteris
1026 4018 1158 4084 dicenda
1182 4019 1259 4084 haec
1282 4025 1363 4084 sunt.
1412 4018 1554 4104 Scriptus

333 4136 381 4196 est
395 4132 646 4216 βουστροφηδόν,
670 4151 762 4214 quam
780 4133 979 4216 scripturam,
996 4133 1172 4217 ubicunque
1188 4140 1340 4220 usurpata
1356 4142 1413 4217 est,
1431 4155 1555 4219 semper

333 4246 493 4329 cujusdam
515 4247 680 4312 vetustatis
703 4247 852 4311 indicium
878 4268 945 4312 esse
968 4249 1093 4334 saepius
1115 4252 1367 4315 memoravimus.
1406 4249 1553 4316 Omnium

333 4359 446 4425 deinde
468 4360 644 4428 litterarum
667 4362 787 4427 formae
811 4361 849 4426 ad
874 4363 1003 4428 eandem
1029 4365 1187 4430 adducunt
1208 4367 1429 4450 conjecturam.
1464 4371 1556 4431 test

333 4519 542 4532 -ι--ιι-

424 4610 442 4674 ι)
462 4607 493 4662 c.
506 4607 527 4661 1.
541 4606 574 4661 c.
594 4607 607 4660 1
624 4623 651 4660 n.
665 4607 709 4660 aa.
