3488 5224
887 269 930 332 24

297 449 354 514 bus
377 447 490 531 Koppa
517 447 648 512 fortuito
679 453 799 510 tautum
832 450 863 509 et
887 465 942 530 per
964 444 1122 508 licentiam
1147 443 1312 510 scribentis
1336 447 1520 528 usurpatum

196 561 199 568 ’
298 565 348 647 sit,
374 583 414 628 an
438 582 473 628 eo
495 568 647 647 tempore,
672 582 732 646 quo
749 562 800 626 hic
815 561 926 626 titulus
942 561 1142 643 exarabatur,
1167 564 1361 625 constantem
1378 559 1522 625 habuerit

298 700 398 744 usum.
446 677 595 756 Quamvis
620 678 702 742 enim
727 679 760 742 in
783 677 841 742 hcc
865 676 957 741 titulo
981 676 1094 761 Koppa
1117 677 1241 742 litterae
1264 696 1340 741 usus
1366 676 1457 760 plane
1481 675 1522 739 sit

297 793 476 877 singularis,
501 799 607 858 tamen
631 794 803 858 cavendum
829 800 887 875 est,
910 814 949 858 ne
973 813 1184 878 praepropere
1209 793 1248 856 ad
1266 791 1426 857 licentiam
1443 789 1523 856 scal·

299 911 397 995 pteris
422 910 586 992 referatur,
611 916 779 994 propterea
803 909 886 993 quod
909 909 1149 993 inscriptionum
1174 907 1332 993 lapidibus
1353 907 1521 971 incisarum

299 1027 487 1110 scripturam
518 1025 726 1091 severioribus
754 1025 876 1107 legibus
904 1025 1087 1090 adstrictam
1111 1024 1209 1089 fuisse
1233 1025 1308 1088 satis
1332 1027 1441 1088 notum
1466 1027 1521 1086 est

299 1141 467 1218 Quaeritur
495 1140 525 1204 id
556 1142 677 1225 potine,
707 1163 786 1224 quae
811 1141 852 1206 sit
875 1161 984 1223 cansa,
1014 1161 1069 1205 cur
1092 1141 1125 1204 in
1149 1140 1261 1205 ceteris
1285 1139 1385 1204 titulis
1409 1137 1523 1202 Atticis

299 1256 412 1342 Koppa
435 1276 498 1320 nou
522 1264 712 1341 compareat,
736 1256 986 1339 cognoscendum
1011 1263 1067 1340 est,
1092 1264 1196 1321 utrum
1219 1255 1435 1320 tautummodo
1451 1273 1524 1318 casu

302 1393 363 1437 non
388 1373 575 1456 reperiatur,
601 1393 639 1438 au
664 1372 795 1438 consilio
819 1373 860 1436 sit
883 1373 1042 1437 omissum.
1079 1371 1145 1448 Quo
1170 1372 1200 1436 in
1225 1391 1339 1454 genere
1360 1370 1522 1435 dicendum

301 1492 348 1551 est
376 1487 407 1551 in
437 1488 515 1572 ipsis
543 1489 582 1552 iis
611 1489 725 1570 titulis,
761 1508 837 1572 qnos
867 1490 1006 1553 omnium
1036 1488 1266 1553 vetustissimos
1297 1507 1365 1552 esse
1394 1490 1526 1570 apparet

300 1603 382 1668 forte
414 1603 541 1669 fortuna
577 1625 730 1688 nusquam
766 1604 938 1690 usurpandi
969 1603 1083 1688 Koppa
1111 1610 1235 1669 exstare
1263 1601 1455 1669 facultatem.
1501 1600 1525 1664 li

302 1726 404 1786 autem
433 1721 534 1802 tituli,
565 1721 617 1803 qui
646 1720 748 1784 locum
774 1719 923 1802 afferunt,
952 1721 996 1783 ita
1020 1719 1118 1783 multo
1143 1727 1214 1805 post
1237 1724 1311 1784 sunt
1334 1719 1458 1803 scripti,
1494 1721 1527 1781 ut

302 1857 341 1901 ex
369 1837 409 1900 iis
440 1836 518 1902 nihil
548 1835 632 1900 aliud
661 1836 856 1918 intelligatur
884 1835 945 1900 nisi
973 1835 1030 1899 hoo
1054 1837 1227 1900 recentiore
1250 1841 1392 1920 tempore
1415 1833 1527 1917 Koppa

298 1953 363 2035 jam
390 1973 428 2016 ex
453 1973 511 2016 usu
535 1951 699 2036 depulsum
724 1951 831 2015 fuisse.
868 1950 943 2015 Tria
966 1951 1111 2035 exempla
1135 1951 1243 2015 omissi
1258 1949 1372 2035 Koppa
1387 1950 1453 2032 jam
1472 1968 1526 2014 no·

302 2069 455 2150 tacimus,
485 2068 546 2132 duo
574 2068 606 2131 in
631 2074 832 2132 monumento
858 2066 1014 2149 Sigeeusi,
1046 2066 1099 2131 ubi
1122 2069 1155 2131 in
1180 2068 1363 2132 Φανοδίκου
1387 2073 1418 2130 et
1440 2073 1528 2149 Προ-

303 2190 449 2269 κονησίου
487 2183 614 2248 vocibus
649 2182 760 2268 Koppa
799 2203 860 2247 nen
899 2191 948 2246 est
985 2189 1187 2267 usurpatum,
1229 2202 1323 2246 unum
1365 2181 1395 2245 in
1436 2180 1526 2245 titulo

304 2298 339 2364 0.
356 2299 379 2363 l.
398 2299 434 2363 A.
453 2320 482 2363 n.
500 2300 581 2382 469,
613 2299 665 2381 qui
697 2305 728 2362 et
757 2299 825 2382 ipse
853 2275 886 2361 in
909 2298 1003 2384 κούρῃ
1027 2318 1101 2387 voce
1124 2298 1237 2383 Kappa
1261 2319 1316 2383 pro
1340 2297 1452 2382 Koppa
1476 2317 1529 2361 ex·

305 2395 399 2480 hibet.
447 2414 616 2480 Praeterea
646 2420 751 2478 autem
780 2415 997 2479 tantummodo
1027 2435 1106 2479 unus
1130 2419 1234 2479 exstat
1256 2414 1383 2495 titulus,
1412 2414 1444 2478 iu
1469 2433 1529 2498 quo

308 2530 467 2596 exarando
491 2528 673 2615 scalptor9
701 2531 803 2594 forma
827 2530 873 2594 uti
896 2530 992 2595 semel
1016 2537 1154 2614 poterat:
1180 2530 1218 2595 de
1234 2529 1292 2594 hoc
1308 2530 1432 2614 quidem
1448 2530 1531 2594 inira

307 2647 460 2729 agendum
479 2647 553 2716 erit„
577 2645 693 2722 Quodsi
710 2647 742 2711 iu
760 2646 903 2711 omnibus
920 2647 1140 2712 vetustissimis
1157 2645 1257 2711 titulis
1274 2645 1387 2731 Koppa
1402 2647 1530 2710 fortuito

309 2767 433 2828 tantum
450 2762 656 2844 desideratur,
674 2783 826 2846 nusquam
851 2762 956 2828 oblata
973 2762 1144 2847 usurpandi
1161 2763 1332 2844 occasione,
1344 2763 1412 2846 jam
1428 2763 1530 2846 ipsum

306 2878 432 2942 titulum
456 2879 632 2942 accuratius
657 2878 899 2961 consideremus,
924 2900 998 2943 num
1022 2880 1103 2944 forte
1126 2878 1178 2943 ille
1202 2879 1270 2963 ipse
1291 2879 1369 2944 talia
1385 2878 1533 2965 praebeat

307 2994 473 3059 vetustatis
496 2994 627 3077 indicia,
652 3001 687 3059 ut
710 3015 745 3059 eo
770 3001 912 3080 tempore
935 2995 1047 3080 Koppa
1069 2995 1207 3060 litteram
1231 3000 1395 3060 constante
1418 2996 1449 3059 in
1474 3015 1533 3058 usu

306 3109 404 3175 fuisse
434 3109 575 3175 conicere
599 3111 765 3194 possimus
809 3109 869 3176 Sed
894 3111 989 3175 etiam
1014 3112 1040 3175 si
1064 3111 1108 3176 ita
1132 3113 1321 3194 quaerimus,
1346 3132 1454 3176 rursus
1479 3111 1533 3175 do·

260 3305 263 3312 ,
307 3225 433 3290 lendum
463 3224 496 3288 id
524 3238 586 3308 est,
624 3227 706 3308 quod
736 3226 884 3292 hocloco
913 3247 968 3292 eae
996 3229 1134 3292 maxime
1160 3228 1285 3293 litterae
1313 3248 1387 3292 casu
1411 3228 1533 3308 desunt,

308 3362 440 3426 quarum
475 3341 585 3406 formis
622 3347 715 3426 atque
752 3343 854 3426 specie
895 3348 980 3408 certa
1012 3343 1049 3408 de
1081 3342 1165 3408 tituli
1196 3349 1299 3410 aetate
1329 3343 1397 3408 fieri
1428 3351 1534 3428 posset

310 3457 480 3522 conclusio.
516 3457 582 3522 Eae
606 3458 732 3541 quidem
757 3458 890 3540 litterae,
915 3479 994 3541 quae
1011 3459 1255 3543 conspiciuntur,
1279 3459 1388 3524 formis
1405 3465 1535 3524 utuntur

313 3574 389 3638 satis
414 3573 560 3652 vetustis3
585 3593 656 3637 nam
683 3593 871 3656 quamquam
898 3573 945 3656 id,
969 3575 1050 3656 quod
1075 3574 1225 3640 habemus
1249 3576 1332 3640 tituli
1356 3575 1534 3659 exemplum

256 3756 258 3762 ,
312 3688 395 3772 typis
420 3707 602 3771 expressum
628 3694 685 3769 est,
711 3687 822 3770 quibus
847 3689 1000 3771 genuinae
1024 3690 1200 3754 litterarum
1224 3691 1344 3755 formae
1360 3691 1452 3760 valde
1468 3711 1536 3755 cor·

311 3809 424 3888 ruptae
448 3809 530 3885 sunt,
556 3809 660 3867 tamen
684 3803 732 3868 vel
757 3825 796 3869 ex
819 3803 877 3868 hcc
900 3805 1079 3870 inaccurato
1104 3806 1247 3890 exemplo
1269 3807 1342 3871 licet
1358 3825 1535 3888 agnoscere,

313 3918 420 4002 quales
451 3917 626 3983 litterarum
658 3918 768 3984 ductus
798 3919 878 4004 lapis
903 3920 1089 3985 exhibuerit.
1132 3924 1237 4006 Atque
1260 3943 1316 4007 pro
1340 3921 1390 4006 Ny
1413 3922 1537 3987 litterae

312 4035 414 4099 forma
439 4030 488 4118 N,
520 4036 863 4120 quamconspicimns,
887 4036 919 4099 in
944 4034 1049 4121 lapide
1072 4039 1324 4121 antiquissimam
1348 4039 1379 4106 Ν
1403 4038 1536 4103 formam

313 4150 527 4235 comparuisse
552 4150 768 4215 coniciendum
793 4157 851 4232 est,
875 4171 944 4216 cum
970 4147 1000 4216 Ν
1025 4152 1127 4217 forma
1150 4154 1366 4218 recentissima
1389 4155 1421 4218 in
1446 4154 1536 4218 titulo

313 4266 553 4353 βουστροφηδόν
583 4267 699 4351 scripto
728 4266 854 4331 omniuo
884 4287 945 4331 uon
978 4268 1115 4352 potuerit
1143 4269 1298 4353 usurpari.
1339 4269 1459 4335 Deinde
1482 4289 1538 4333 no·-

314 4383 428 4446 tandae
458 4388 531 4446 arunt
558 4381 677 4446 formae
709 4369 756 4464 Α,
789 4379 838 4464 Ε,
869 4375 893 4449 5
919 4389 950 4448 et
973 4383 1061 4467 ipsae
1085 4383 1332 4466 antiquissimae.
1376 4383 1539 4469 Scriptura

315 4497 449 4581 denique
477 4498 718 4584 doooapocpqdo'r
747 4504 795 4562 est
824 4518 990 4581 conversa,
1020 4511 1052 4564 et
1074 4499 1133 4564 hoc
1157 4521 1278 4583 quoque
1301 4501 1461 4583 cujusdam
1488 4523 1564 4566 ve-·
1609 4513 1612 4534 '
