3488 5224
912 359 956 426 30

316 538 452 622 spatium
477 536 645 608 revocandi
669 537 741 601 sint.
790 533 852 600 Sed
876 537 1060 621 priusquam
1084 555 1122 599 ex
1148 536 1278 600 istorum
1304 535 1467 600 titulorum
1492 533 1544 598 lit

316 658 456 718 teretura
480 651 574 716 talem
600 651 830 716 conclusionem
849 651 1012 733 faciamus,
1038 655 1129 716 autea
1147 650 1366 734 exponendum
1385 656 1442 733 est,
1467 670 1544 734 quas

317 768 355 834 de
370 768 492 832 Eudoei
516 772 548 831 et
563 767 728 833 Aristoclis
753 772 856 832 aetate
878 767 1072 849 conjecturas
1087 765 1238 832 hodierne
1256 771 1398 851 tempore
1414 765 1545 832 feceriut

317 882 378 948 viri
400 883 494 948 docti.

720 1174 747 1238 I.
784 1175 835 1239 De
858 1175 989 1238 Eodoeo
1014 1175 1141 1256 artifice.

406 1343 539 1408 Brunnii
568 1343 748 1428 opinionem
776 1343 843 1425 jam
869 1362 964 1426 supra
988 1342 1126 1408 breviter
1149 1341 1377 1407 denotavimus.
1418 1339 1545 1406 Judicat

318 1459 481 1524 Endoeum
511 1478 557 1523 ea.
581 1457 628 1524 Ol.
648 1461 689 1522 70
712 1457 872 1540 floruisse,
902 1458 941 1522 ad
966 1463 1058 1541 quam
1084 1437 1272 1524 sententiam
1297 1457 1463 1523 adducitur
1485 1456 1544 1521 im·

319 1576 431 1661 primis
460 1574 553 1638 nixus
582 1573 652 1658 ipsa
680 1573 735 1638 illa
762 1557 884 1638 Endoei
914 1573 1134 1658 inscriptione,
1158 1573 1245 1666 cujus
1269 1573 1480 1671 litteraturam
1505 1571 1543 1636 ad

318 1691 441 1755 initium
473 1690 573 1773 quinti
603 1689 720 1754 saeculi
744 1689 901 1774 pertinere
925 1685 1127 1770 existimat¹).
1170 1687 1238 1766 Qua
1260 1689 1439 1771 conjectura
1461 1688 1544 1752 fecta

320 1805 478 1872 Brunnius
503 1825 621 1887 eorum,
646 1825 726 1888 quae
749 1826 768 1870 a
793 1804 950 1871 veteribus
974 1805 1179 1889 scriptoribus
1204 1805 1242 1869 de
1263 1804 1393 1870 Endoeo
1417 1803 1545 1887 ejusque

321 1922 468 2006 operibus
500 1919 616 1986 tradita
645 1927 735 2004 suut,
770 1923 959 1986 mentionem
989 1920 1065 1985 lacit
1093 1921 1293 2004 maximeque
1321 1923 1545 1984 commemorat

319 2036 480 2102 Minervae
509 2036 664 2119 quoddam
695 2037 913 2118 simulacrum,
944 2036 982 2101 de
1012 2055 1073 2118 quo
1097 2031 1300 2114 Pausanias²l
1330 2035 1406 2102 haec
1433 2035 1543 2100 tradit:

321 2149 482 2235 „’Evdotov
505 2152 693 2237 καθήμενόν
715 2154 799 2219 ἐστιν
814 2150 963 2238 Ἀθηνᾶς
987 2152 1138 2236 ἄγαλμα,
1168 2154 1356 2236 ἐπίγραμμα
1380 2152 1473 2234 ἔχον,
1502 2149 1544 2226 ὡς

225 2261 235 2277 ”
320 2269 462 2342 Καλλίας
484 2269 544 2351 μὲν
567 2264 721 2353 ἀναθείη,
745 2270 883 2354 ποιήσειε
906 2269 942 2332 δὲ
956 2264 1133 2343 ”Ενδοιος.“
1170 2266 1286 2332 Calliae
1304 2267 1401 2349 igitur
1417 2266 1543 2350 quidam

320 2383 521 2448 simulacrum
547 2381 625 2447 illud
649 2382 688 2448 ab
712 2382 840 2448 Endoeo
864 2382 1038 2448 confectum
1064 2383 1178 2447 dicitur
1194 2383 1357 2448 donarium
1375 2383 1543 2447 dedicasse.

320 2498 409 2576 Quis
427 2504 475 2563 est
503 2497 554 2562 hic
577 2497 714 2563 Callias?
744 2497 922 2563 Herodotus
953 2499 1109 2583 imprimis
1139 2499 1271 2564 ducrum
1302 2499 1463 2563 homiuum
1487 2497 1545 2562 hoo

320 2615 447 2679 nomine
479 2614 692 2699 praeditorum
717 2615 875 2697 meminit,
905 2635 1036 2698 quorum
1061 2610 1223 2695 alterum³l
1248 2614 1442 2700 temporibus
1465 2612 1545 2678 Pisi·

306 2731 423 2812 ·streti,
441 2730 573 2795 alterum
583 2727 604 2813 ⁴)
621 2730 706 2795 illius
722 2737 879 2816 nepotem,
902 2731 952 2824 cui
968 2751 1140 2813 cognomen
1156 2731 1252 2796 fuerit
1269 2726 1542 2814 „lanxdrrloocoffl

321 2853 394 2911 ante
423 2846 560 2910 medium
591 2848 732 2930 quintum
765 2847 921 2912 sacculum
953 2835 1122 2912 floruisse?
1146 2845 1304 2912 Brunnius
1333 2847 1444 2930 igitur,
1474 2865 1543 2911 cum

320 2962 486 3027 Endoeum
515 2981 560 3026 ca.
579 2960 626 3027 Ol.
647 2965 688 3028 70
711 2962 828 3027 vixisse
852 2962 1015 3046 opinetur,
1041 2983 1059 3028 a
1083 2962 1184 3027 Callia
1206 2964 1328 3028 minore
1350 2970 1426 3028 natu
1450 2962 1546 3026 doua-

321 3079 402 3142 rium
419 3077 497 3141 illud
518 3077 694 3143 dedicatum
712 3098 780 3143 esse
796 3078 966 3142 contendit.
994 3081 1079 3144 Ante
1094 3077 1267 3144 Brunnium
1280 3080 1347 3162 jam
1361 3073 1545 3159 Sohbllius⁵l

321 3196 558 3280 inscriptionem
592 3193 677 3258 illam
707 3193 827 3258 Eudoei
856 3195 938 3258 inter
967 3193 1014 3259 Ol.
1038 3198 1082 3260 50
1111 3201 1143 3260 et
1172 3195 1213 3258 75
1241 3196 1448 3278 compositam
1478 3214 1547 3259 esse

317 3311 524 3394 judicaverat.
562 3308 622 3375 Sed
648 3308 818 3375 aSchbllio
843 3310 921 3374 duos
938 3311 1106 3376 statuarios
1122 3311 1218 3376 fuisse
1234 3312 1395 3395 probatur,
1413 3329 1545 3393 quorum

322 3428 446 3510 utrique
470 3445 583 3490 nomen
606 3425 702 3490 fuerit
724 3425 864 3508 Endesa,
896 3431 927 3490 et
950 3425 1079 3490 alterius
1103 3426 1244 3508 quidem,
1276 3427 1329 3510 qui
1352 3425 1546 3510 temporibus

322 3542 440 3607 Calliae
454 3540 539 3606 illius
558 3541 684 3624 majoris
701 3539 851 3622 floruerit,
868 3540 1056 3608 Pausaniam
1074 3543 1270 3623 meminisse3
1290 3542 1422 3606 alterum
1441 3547 1546 3606 autem

233 3635 236 3642 Ι
321 3678 366 3722 ca.
384 3656 431 3722 ol.
450 3658 493 3721 70
516 3657 640 3721 demum
665 3657 793 3738 vixisse,
818 3660 849 3720 et
872 3657 910 3721 ab
934 3655 992 3721 hoc
1016 3656 1141 3721 titulum
1166 3657 1253 3722 illum
1279 3678 1347 3722 esse
1371 3665 1545 3722 exaratum.

322 3773 387 3838 Alii
410 3779 524 3854 autem,
548 3771 686 3836 maxime
699 3767 882 3856 Stephani⁶l
905 3778 936 3836 et
952 3777 1075 3856 praeter
1090 3793 1161 3837 eum
1176 3772 1306 3838 Rossius
1321 3778 1353 3838 et
1365 3772 1547 3839 Welckerus

321 3889 404 3953 inter
433 3908 466 3952 se
494 3887 724 3952 consentientes
755 3886 835 3952 hanc
861 3890 1046 3954 senteutiam
1072 3888 1285 3973 probaverunt
1307 3888 1471 3954 Endoeum
1500 3906 1547 3951 oa.

322 4002 370 4068 01.
390 4005 434 4068 55
462 4002 566 4068 media
592 4002 658 4068 fere
687 4008 789 4068 aetate
817 4004 924 4070 fuisse.
969 4004 1111 4071 Similem
1140 4006 1319 4090 opinionem
1350 4005 1444 4071 etiam
1475 4008 1549 4088 post

324 4154 535 4162 ———-—·—

413 4207 432 4268 Ι)
452 4201 551 4257 Geech.
565 4202 614 4256 der
632 4203 733 4271 grieeh.
747 4205 877 4259 Kliustler
896 4207 916 4274 l,
937 4223 963 4275 p.
979 4208 1030 4260 100
1044 4222 1120 4276 seqq.

410 4300 431 4365 ῃ)
450 4299 471 4369 l,
491 4301 534 4368 26,
552 4301 579 4354 4.
670 4301 691 4366 ³)
710 4301 841 4356 Herodot.
855 4303 902 4370 Vl,
923 4304 967 4357 21.

410 4401 433 4464 ⁴)
451 4397 582 4453 Herode.
596 4399 656 4468 vu,
678 4378 744 4469 1513
764 4399 835 4454 erut.
849 4399 964 4454 ursus
983 4403 1011 4454 et
1030 4401 1072 4456 25.

411 4496 433 4560 ⁵)
451 4495 577 4551 Archiol.
590 4495 799 4565 Mittheilungen
818 4513 867 4550 aus
887 4496 1087 4553 Griechenlaud
1106 4515 1133 4568 p.
1146 4499 1179 4552 41
1194 4513 1270 4567 seqq.

410 4597 431 4661 6)
450 4593 545 4649 Rhein.
558 4595 627 4649 llus.
641 4595 688 4650 lV.
707 4595 740 4649 N.
754 4595 784 4648 Ρ.
804 4611 830 4664 p.
846 4596 863 4648 2
