3488 5224
781 371 825 436 49

185 568 216 613 n.
234 547 299 612 229
316 552 347 612 et
363 548 440 624 230)
464 547 579 614 iterum
603 547 688 612 solae
710 549 898 614 vetustiores
920 549 1041 616 formae
1060 553 1107 633 Ν,
1133 545 1169 633 5,
1196 546 1412 637 dlusurpatae

187 667 271 744 sunt,
296 667 328 727 et
350 663 384 727 in
408 683 440 726 n.
457 664 523 727 230
545 663 722 745 fragmenta
744 684 775 728 n.
793 665 836 728 23
860 671 892 730 et
915 666 958 730 24
974 665 1023 730 vel
1041 692 1062 730 α
1078 666 1202 732 litterae
1218 667 1412 751 antiquiores
1527 699 1530 708 ·

185 780 303 844 formas
328 765 359 843 Α
383 798 439 844 sen
462 772 496 848 Α
518 778 643 862 saepius
673 779 837 861 exhibent,
869 800 931 864 qna
959 801 994 846 re
1024 787 1156 866 apparet
1178 781 1237 846 hoc
1261 787 1412 867 ternpore,

187 894 331 977 quamvis
355 891 386 959 Α
410 893 511 976 magis
540 894 691 958 usitatum
721 894 831 978 fuerit,
861 902 966 962 tomen
997 897 1091 961 etiarn
1115 891 1145 968 Λ
1172 898 1307 963 formam
1336 919 1414 963 non-

123 1097 128 1103 Ι
188 1011 262 1076 dnm
286 1009 380 1094 plane
402 1010 435 1074 in
460 1029 518 1074 nsu
542 1010 662 1074 versari
686 1009 825 1075 desiisse.
1149 1007 1152 1013 ’

276 1125 400 1202 Quanta
423 1124 481 1190 hoc
505 1124 657 1210 temporis
681 1126 783 1210 spatio
807 1126 903 1190 fuerit
925 1127 1136 1194 inconstantia
1159 1128 1192 1193 in
1216 1148 1274 1192 usu
1294 1152 1325 1204 ν,
1342 1146 1414 1212 rap

186 1241 365 1306 litterarum
397 1244 506 1325 aperte
534 1239 759 1325 perspicimus,
789 1241 816 1304 si
845 1259 915 1305 cum
945 1241 994 1306 bis
1023 1240 1124 1307 titulis
1153 1244 1311 1326 sequentis
1340 1243 1414 1308 anni

188 1357 235 1422 Ol.
254 1357 306 1438 82,
328 1358 349 1420 4
378 1355 555 1438 catalogum
585 1375 804 1440 comparamus
828 1360 869 1435 (v.
885 1376 916 1421 n.
933 1359 1021 1437 231).
1068 1357 1104 1422 ln
1128 1357 1191 1423 illis
1215 1359 1415 1443 reperiuntur

188 1471 275 1537 solae
303 1470 491 1537 vetustiores
523 1471 657 1554 formae,
690 1471 722 1534 in
752 1471 810 1536 boc
839 1477 942 1538 autem
967 1473 1109 1539 noviciae
1130 1474 1251 1541 formae
1275 1473 1306 1540 Σ
1331 1468 1414 1542 orb

188 1607 311 1652 summa
339 1605 410 1652 cnm
436 1587 614 1652 constantia
635 1591 805 1670 usurpatae
829 1592 917 1668 sunt3
949 1594 982 1653 at
1006 1586 1035 1653 Ν
1061 1594 1092 1679 et
1115 1599 1153 1672 Ν
1177 1591 1297 1656 formae
1322 1591 1415 1675 plane

189 1701 367 1787 promiscue
391 1708 584 1786 comparent.
617 1677 700 1767 'Tum
727 1703 816 1766 annis
840 1702 887 1767 Ol.
903 1705 956 1786 83,
978 1710 987 1768 1
1010 1707 1076 1769 et‘l
1103 1707 1143 1782 (v.
1162 1725 1194 1770 n.
1208 1706 1273 1771 232
1291 1711 1322 1770 et
1338 1706 1415 1788 233)

187 1818 363 1883 litterarum
388 1843 408 1883 ν
431 1823 463 1883 et
485 1837 506 1883 σ
525 1837 635 1883 rursus
665 1817 857 1901 antiquiores
885 1791 922 1886 N
949 1824 980 1883 et
1004 1812 1029 1887 5
1058 1820 1175 1885 formas
1204 1821 1320 1904 ubique
1344 1839 1416 1883 oon·

188 1934 356 2017 spicimus3
382 1946 423 2020 φῖ
443 1933 550 1999 littera
572 1935 606 1998 in
630 1953 660 1997 n.
679 1934 744 1998 232
769 1932 856 1999 deest
878 1934 1008 1999 fortuito
1032 1955 1062 1998 n.
1081 1936 1145 2001 233
1169 1942 1271 2001 autem
1290 1935 1417 2000 exbibet
1482 1951 1484 1959 ’

187 2049 344 2114 novicium
369 2043 408 2116 Φ.
456 2049 492 2114 ln
515 2048 574 2114 hac
596 2053 686 2116 tanta
708 2049 919 2114 inconstantia
942 2028 1004 2113 non
1029 2055 1077 2115 est
1099 2050 1225 2132 mirum,
1250 2049 1331 2133 qnod
1356 2049 1416 2113 ali-

189 2163 312 2266 qqando
338 2169 422 2230 certo
446 2165 598 2249 temporis
622 2171 738 2250 puncto
762 2172 866 2231 certae
890 2165 1040 2248 cujusquo
1063 2163 1187 2229 litterae
1211 2164 1330 2228 formae
1346 2162 1415 2248 pla·

188 2299 262 2344 num
288 2299 379 2344 usum
405 2285 603 2366 acceperunt.
639 2280 706 2345 Hoc
727 2281 843 2346 factum
862 2287 911 2345 est
926 2300 1007 2344 anno
1024 2279 1070 2344 01.
1092 2281 1144 2360 83,
1161 2281 1190 2343 3.
1228 2277 1307 2343 Cum
1324 2277 1415 2343 annis

189 2396 332 2480 proxime
367 2396 622 2462 antecedentibus
656 2396 749 2460 modo
780 2397 927 2479 antiquae
958 2395 1048 2459 modo
1079 2394 1267 2459 recentiores
1295 2393 1415 2457 lormae

188 2511 366 2577 litterarum
391 2536 421 2589 ν,
441 2532 514 2598 unp
539 2511 796 2595 inscriberentur,
819 2511 892 2576 inde
917 2509 955 2575 ab
979 2509 1037 2574 boc
1060 2528 1142 2573 anno
1166 2508 1250 2574 solae
1273 2508 1415 2574 noviciae

189 2627 309 2694 lormac
331 2629 366 2692 in
389 2647 448 2693 usn
471 2633 729 2712 permanserunt,
758 2626 852 2711 idque
875 2644 937 2690 non
961 2625 1061 2690 solum
1085 2625 1119 2689 in
1142 2625 1191 2689 his
1213 2624 1292 2709 ipsis
1315 2623 1415 2689 tribu·

189 2749 291 2808 torum
317 2743 484 2826 catalogis,
513 2764 621 2809 verum
646 2743 739 2809 etiarn
764 2744 797 2807 in
821 2741 966 2806 omnibus
990 2741 1101 2823 titulis,
1126 2741 1179 2824 qui
1203 2744 1275 2826 post
1298 2759 1414 2804 annum

189 2859 236 2926 01.
255 2861 313 2944 83,
336 2861 356 2924 2
387 2860 509 2926 exarati
538 2865 620 2924 sunt.
668 2859 720 2923 Sic
750 2877 810 2922 non
841 2857 934 2921 modo
959 2856 1124 2923 olitterae
1152 2857 1255 2921 forma
1279 2850 1304 2925 5
1333 2876 1413 2921 anno

82 3025 91 3040 .
139 2961 145 2968 ⁵
189 2974 236 3041 Ol.
254 2977 311 3058 83,
335 2979 355 3041 3
380 2975 530 3057 exolevit,
559 2995 666 3040 verum
691 2974 785 3038 etiam
810 2999 830 3039 ν
853 2980 884 3038 et
908 2998 932 3059 φ
956 2972 1133 3037 litterarum
1158 2973 1350 3057 antiquiores
1376 2974 1411 3040 N

189 3097 220 3156 et
244 3088 275 3164 (b
297 3091 426 3156 formae.
474 3090 626 3154 Universa
649 3089 745 3171 igitur
768 3088 914 3156 contendi
938 3095 1042 3172 potest
1065 3108 1117 3154 eos
1141 3088 1265 3172 titulos,
1288 3091 1321 3156 in
1346 3093 1414 3176 qui·

188 3206 246 3271 bus
270 3212 324 3272 ant
348 3200 373 3274 5
398 3212 452 3272 aut
476 3207 513 3276 N
537 3210 591 3272 ant
613 3199 644 3272 (D
669 3209 850 3290 compareat
874 3223 954 3267 anno
972 3203 1019 3268 Ol
1037 3205 1089 3285 83,
1107 3207 1126 3268 3
1143 3205 1329 3271 vetustiores
1346 3228 1414 3278 esse

188 3320 358 3387 habendos.
406 3321 523 3398 Quodsi
553 3321 622 3405 quis
650 3321 761 3387 titulus
790 3319 883 3385 unius
907 3319 1031 3384 litterae
1055 3305 1262 3402 antiquiorem
1288 3321 1415 3388 exhibet

189 3437 321 3501 formam
352 3457 475 3502 summa
501 3456 570 3502 cum
600 3435 873 3501 verisimilitudine
903 3435 943 3499 ad
971 3442 1116 3518 tempora
1138 3454 1220 3499 anno
1244 3434 1291 3500 Ol.
1309 3438 1367 3520 83,
1392 3441 1412 3503 3

190 3551 345 3616 anteriora
374 3557 422 3617 est
449 3552 644 3633 referendae,
675 3551 799 3616 etiamsi
823 3554 995 3615 ceterarum
1021 3548 1131 3614 harum
1157 3548 1332 3616 litterarum
1357 3573 1413 3618 no-

188 3667 288 3732 viciae
310 3667 431 3732 formae
453 3672 623 3752 usurpatae
647 3657 719 3731 sint.
756 3665 818 3732 Sed
842 3666 922 3730 banc
942 3664 1042 3746 legem
1060 3671 1126 3730 oet
1140 3690 1160 3730 ν
1174 3665 1300 3732 litterae
1315 3668 1412 3734 inter·
1462 3699 1466 3707 ·

189 3782 264 3848 dnm
292 3782 507 3864 neglexerunt.
553 3781 694 3847 Primum
719 3779 802 3848 enim
828 3775 853 3850 5
877 3782 979 3846 forma
1001 3781 1033 3844 in
1058 3779 1166 3864 paucis
1189 3781 1321 3864 privatis
1346 3804 1412 3848 mo-

187 3899 346 3963 numentis
375 3905 447 3983 post
470 3898 597 3981 0183,
620 3899 641 3962 2
670 3898 818 3964 confectis
842 3897 1007 3981 reperitur.
1056 3895 1152 3977 Cujus
1174 3896 1221 3961 rei
1244 3900 1341 3963 unum
1365 3900 1412 3965 af-

161 3991 285 4079 'feram
311 4013 490 4099 exemplum
514 4013 591 4079 satis
615 4019 744 4079 certum.
781 4013 904 4078 Titulus
928 4011 962 4076 Ο.
980 4011 1003 4075 Ι.
1020 4011 1058 4075 A.
1075 4030 1106 4075 n.
1121 4013 1197 4094 422,
1222 4033 1409 4098 quamquam

188 4127 304 4211 ubique
328 4122 353 4196 5
377 4129 510 4195 formam
535 4129 674 4213 praebet,
698 4135 805 4195 tamen
828 4133 912 4194 certe
936 4127 1130 4214 temporibus
1155 4148 1236 4193 anno
1254 4129 1302 4196 Ol.
1321 4132 1411 4214 83,2

189 4244 359 4310 serioribus
382 4245 567 4312 tribuendus
591 4251 648 4328 est,
672 4264 742 4311 cum
767 4241 845 4312 ortt
869 4245 972 4310 forma
995 4244 1035 4309 ad
1056 4245 1228 4330 qlitteram
1245 4246 1411 4329 designan-

189 4358 261 4424 dam
291 4366 471 4428 constanter
501 4361 641 4427 adhibita
664 4361 721 4444 sit,
752 4367 785 4426 et
806 4361 1018 4427 Aristocrates
1044 4359 1098 4426 illo
1122 4340 1242 4426 Soeliae
1264 4361 1363 4446 filins,
1393 4384 1412 4428 a

189 4496 250 4559 quo
273 4476 332 4544 hoc
355 4478 520 4588 domanium
543 4475 721 4564 dedicatum
747 4482 804 4559 est,
829 4497 911 4542 anno
935 4476 983 4542 01.
1001 4477 1091 4559 93‚3
1116 4497 1239 4562 pugnae
1263 4478 1302 4543 ad
1318 4479 1412 4562 Argi·

189 4614 285 4661 nusas
308 4595 495 4662 commissae
518 4599 644 4681 praetor
666 4593 855 4678 interfuerit,
881 4613 943 4678 qua
965 4593 1004 4659 de
1027 4612 1122 4660 cansa
1144 4613 1207 4660 non
1231 4600 1278 4661 est
1298 4594 1411 4681 proba-

1163 4717 1181 4770 4
