3488 5224
893 347 937 412 38

920 440 934 471 ι

300 524 367 588 ioco
391 523 468 588 deae
490 523 587 606 illius,
612 544 691 608 quae
713 523 871 588 inscendit
893 523 924 587 in
949 542 1086 604 currum,
1112 521 1281 604 imaginem
1305 541 1524 604 commemoro,

300 639 388 722 cujus
412 640 497 703 omni
521 645 635 703 natura
659 643 752 722 atque
775 638 880 703 indole
904 639 987 706 clare
1009 637 1199 726 perspicitur
1215 644 1246 703 et
1261 638 1362 722 ipsam
1380 637 1526 702 columna

142 779 144 786 ’
174 811 176 814 .
300 753 471 819 Aristionis
495 774 557 819 non
582 773 650 819 esse
673 755 824 819 seriorem
833 751 866 836 ¹).

389 868 523 934 Possum
548 889 732 934 enumerare
755 873 882 954 praeter
904 867 981 930 haec
1003 856 1170 944 dequibus
1195 858 1244 942 egi
1260 857 1360 925 multa
1381 857 1444 922 alia
1459 877 1526 923 mo-

197 986 201 1061 [
299 989 460 1066 numenta,
485 1004 565 1067 quae
588 985 707 1069 pariter
731 1003 767 1049 oc
790 983 856 1070 pila
879 976 1045 1048 Aristoclis
1075 974 1176 1040 adhuc
1203 975 1243 1039 ad
1272 979 1406 1040 aetatem
1430 974 1525 1039 nimis

299 1119 409 1185 seram
430 1098 661 1181 referebantur,
697 1100 752 1165 sed
780 1099 839 1164 hoc
867 1099 936 1163 loco
964 1095 1041 1175 ista,
1077 1110 1157 1176 quae
1190 1090 1350 1155 nominavi
1381 1089 1527 1174 exempla

300 1214 465 1280 sufficient.
512 1213 604 1279 Certe
619 1215 652 1278 id
667 1235 764 1280 unum
781 1234 874 1300 spero
889 1213 956 1279 fore
971 1217 1008 1275 ut
1022 1207 1188 1296 perspicue
1204 1210 1409 1288 cognoscatur
1425 1211 1524 1270 artem

299 1329 467 1412 effingendi
491 1329 574 1414 apud
598 1327 735 1394 Graecos
760 1329 929 1394 admodum
953 1334 1076 1392 mature
1104 1322 1262 1404 floruisse,
1294 1321 1410 1404 etjam
1435 1326 1525 1386 sexto

299 1445 424 1510 saeculo
441 1444 479 1509 ad
495 1444 717 1529 perfectionem
734 1445 817 1510 haud
833 1446 977 1526 exiguam
994 1440 1184 1527 pervenisse.
1231 1436 1326 1520 Cujus
1342 1437 1388 1502 rei
1405 1443 1525 1522 postre-

299 1580 350 1624 mo
366 1559 436 1624 'duo
460 1558 617 1634 attulerim
643 1561 799 1645 exempla.
845 1560 986 1624 Primum
1011 1578 1027 1622 e
1043 1554 1228 1638 fragmentis
1244 1553 1307 1617 illis
1323 1551 1407 1638 pilae
1422 1552 1525 1636 cujus·

300 1675 371 1739 dam
396 1674 591 1760 sepulcralis,
615 1695 695 1759 quae
717 1675 898 1761 nuperrime
922 1695 939 1739 e
962 1692 1051 1738 muro
1068 1669 1297 1735 Themistocleo
1317 1668 1400 1733 haud
1417 1668 1525 1753 procui
1548 1656 1557 1668 ’

300 1811 319 1855 a
341 1790 432 1855 titulo
456 1790 520 1871 illo,
545 1809 638 1873 quem
663 1809 759 1874 supra
782 1790 931 1877 tractavi,
964 1787 1077 1853 effossa
1100 1793 1131 1852 et
1154 1785 1193 1851 ab
1223 1783 1357 1850 Ernesto
1383 1780 1522 1867 Curtio²)

299 1906 385 1970 edita
408 1910 496 1987 sunt,
529 1912 637 1990 aperte
667 1905 784 1988 elucet,
809 1925 902 1990 quem
933 1903 1069 1989 perfecte
1101 1909 1193 1985 atque
1216 1907 1327 1968 ornate
1345 1900 1410 1984 jam
1435 1906 1524 1966 sexto

300 2020 425 2086 saeculo
460 2041 494 2085 os
525 2039 561 2085 ac
589 2019 694 2084 vultos
729 2025 884 2085 certorum
921 2019 1081 2084 hominum
1116 2017 1154 2083 ab
1189 2016 1360 2082 artificibus
1396 2015 1524 2082 Graecis

301 2134 421 2202 effictae
445 2136 516 2200 sint.
565 2134 702 2200 Maxime
733 2140 835 2201 antem
866 2135 947 2199 idem
980 2133 1132 2219 probatur
1161 2138 1250 2198 tanta
1278 2131 1334 2196 ilia
1361 2131 1523 2197 titulorum

301 2251 512 2333 multitudine,
537 2270 614 2334 quos
639 2250 744 2334 aliqua
767 2271 805 2315 ex
830 2255 1042 2335 pariensque
1071 2247 1110 2312 ed
1134 2245 1258 2312 Solonis
1287 2254 1431 2333 tempora
1453 2269 1525 2334 per·

300 2366 401 2431 tinere
424 2366 718 2431 demonstravimus.
766 2367 869 2449 Atque
898 2385 937 2430 ex
967 2364 1025 2430 hoc
1053 2383 1183 2430 numero
1211 2362 1297 2427 iilius
1325 2363 1409 2428 tituli
1438 2383 1524 2428 men·

301 2481 417 2546 tionem
441 2481 580 2564 fecerim,
604 2483 657 2566 qui
682 2482 837 2566 reperitur
859 2479 893 2544 Ο.
917 2479 938 2544 1.
956 2479 995 2544 A.
1012 2501 1043 2544 n.
1060 2481 1136 2561 463,
1161 2479 1275 2563 quique
1297 2486 1381 2546 certe
1404 2479 1524 2546 ineunti

301 2601 390 2661 sexto
416 2596 550 2662 fortasse
581 2596 629 2661 vel
658 2602 798 2662 extremo
828 2596 962 2680 septimo
990 2595 1114 2661 saeculo
1143 2601 1191 2660 est
1217 2594 1411 2661 tribuendus.
1458 2595 1524 2661 Hoc

302 2716 555 2794 monumentum,
586 2712 674 2795 cujus
702 2712 736 2775 in
759 2711 826 2777 basi
854 2710 965 2776 titulus
994 2710 1047 2776 ille
1070 2710 1242 2795 inscriptus
1265 2717 1322 2794 est,
1346 2712 1465 2796 pariter
1489 2731 1525 2777 ac

301 2827 397 2912 pilam
423 2827 609 2910 Aristionis,
632 2827 666 2891 in
690 2826 833 2913 sepulcro
857 2827 966 2891 militis
997 2826 1157 2909 cujusdam
1183 2827 1320 2910 positum
1343 2827 1441 2893 fuisse
1469 2847 1523 2913 ap·

302 2949 402 3028 paret,
426 2962 462 3008 eo
485 2948 569 3008 certe
593 2944 746 3008 Aristioni
770 2943 909 3028 hophtae
932 2941 1044 3007 similis
1069 2942 1101 3006 in
1125 2961 1160 3007 eo
1184 2942 1436 3028 conspiciebatur
1459 2942 1524 3008 effi-

302 3059 377 3140 gies.
425 3058 555 3141 Legitur
578 3058 662 3123 enim
685 3059 719 3121 in
742 3057 828 3123 basi:

462 3221 531 3284 Εἶτ’
548 3215 642 3294 ἀστός
665 3244 709 3294 τις
733 3215 825 3305 ἀνὴρ,
849 3224 911 3284 εἴτε
934 3223 1024 3296 ξένος
1047 3217 1172 3284 otono
1195 3221 1316 3295 steno,

508 3339 639 3416 Τέτνχον
663 3337 813 3419 οἰκτίρας,
836 3333 930 3419 ἄνδρ’
948 3330 1093 3415 ἀγαθὸν,
1116 3339 1251 3419 παρίτω,

455 3445 510 3515 Ἐν
532 3453 662 3536 πολέμῳ
687 3455 861 3536 φθίμενον,
887 3448 1008 3534 νεαρὰν
1031 3448 1110 3536 ἥβην
1134 3445 1290 3514 iuuenca

509 3567 607 3630 Ταῦτ’
624 3560 865 3656 ἀποδυράμενοι
888 3553 1000 3631 νεῖσθ’Ι
1008 3566 1063 3630 ἐπὶ
1084 3567 1205 3649 πρᾶγμ’
1222 3561 1364 3645 ἀγαθόν.

393 3808 414 3867 ¹>
433 3804 475 3859 ef.
489 3805 685 3861 Ouerbeck:
705 3808 721 3860 Ι.
736 3823 759 3861 c.
773 3808 811 3876 1²,
830 3824 857 3876 p.
874 3809 939 3878 1433
959 3805 1089 3861 Schoil:
1108 3809 1125 3862 1.
1139 3824 1163 3862 c.
1181 3810 1346 3878 pscmqq.

392 3904 413 3968 ¹)
433 3904 506 3957 Actt.
521 3903 597 3957 acad.
612 3918 667 3972 reg.
682 3903 769 3958 Berol.
788 3906 857 3960 1873
876 3921 903 3973 p.
919 3904 969 3958 156
982 3894 1058 3973 seqq.
