3488 5224
783 403 785 410 ,
893 358 913 422 8

291 538 374 622 typis
400 537 484 601 edita
508 544 564 600 est.
612 535 727 611 Quodsi
755 534 811 598 has
836 535 913 598 duas
937 539 1042 617 partes
1065 535 1148 598 inter
1171 555 1204 598 se
1227 533 1411 614 contuleris,
1440 552 1513 616 pro-

291 653 374 718 tinus
403 653 527 734 minori,
560 671 639 735 quae
663 671 702 715 ex
725 649 828 714 Rossii
852 650 951 714 diario
980 651 1166 734 deprompta
1190 654 1252 730 est,
1282 647 1351 732 plus
1374 646 1513 712 tribuen-

291 769 362 831 dum
390 787 458 831 esse
482 786 661 848 cognosces,
686 785 778 848 quam
805 765 933 830 obrem
957 764 1048 846 hujus
1071 764 1239 846 fragmenti
1254 762 1430 828 litterarum
1447 783 1513 828 ma·

285 883 386 964 jorem
413 883 565 946 rationem
591 880 784 944 habebimus.
822 880 868 944 Aa
892 879 1028 964 prinrum
1052 879 1207 943 notandae
1231 884 1304 942 sunt
1326 904 1348 942 α
1371 885 1403 942 θῖ
1426 905 1441 942 ε
1462 877 1513 941 lit

290 1002 426 1062 terarum
457 997 575 1060 formae
607 995 837 1059 vetustissimae
862 981 892 1059 Α
917 1001 949 1058 θῖ
970 995 1019 1079 ξ,
1049 1013 1179 1076 quarum
1204 994 1341 1057 maxime
1365 993 1512 1058 hocloco

290 1119 481 1176 momentum
511 1111 587 1174 lacit
614 1108 780 1199 §torma
814 1109 887 1191 quia
916 1113 1024 1172 exacto
1054 1114 1143 1174 sexto
1172 1109 1295 1172 saeculo
1322 1108 1513 1192 paucissima

290 1226 355 1307 ejus
381 1226 512 1306 uestigia
535 1225 752 1304 inveniuntur3
778 1222 870 1306 (quae
894 1223 926 1288 in
949 1224 1125 1304 fragmento
1149 1224 1166 1286 b
1191 1229 1373 1307 comparent
1394 1224 1513 1289 fornrae
1559 1226 1560 1231 ’

293 1341 328 1418 6*
353 1347 383 1405 et
408 1334 437 1408 Α
467 1317 603 1403 fortasse
627 1344 755 1423 propter
782 1338 971 1423 typographi
999 1338 1153 1402 incuriam
1179 1358 1233 1422 pro
1257 1337 1369 1402 iisdem
1392 1338 1455 1403 illis
1480 1339 1510 1424 Ε

290 1463 321 1521 θῖ
345 1442 375 1520 Α
405 1455 514 1519 formis
543 1473 710 1536 expressae
733 1457 828 1532 sunt).
877 1453 998 1518 Deinde
1023 1452 1105 1538 quod
1129 1435 1259 1517 sibilans
1282 1452 1388 1518 littera
1412 1455 1512 1519 tribus

291 1571 382 1636 lineis
402 1569 524 1654 ‘scripta
548 1574 612 1651 est,
641 1568 771 1652 spiritus
796 1589 887 1652 asper
911 1574 1050 1652 apertam
1075 1570 1208 1632 formam
1234 1564 1264 1634 Η
1290 1567 1425 1651 exhibet,
1451 1590 1513 1634 non

291 1691 338 1750 est
366 1683 561 1765 mirandum,
591 1703 660 1747 cum
686 1681 716 1746 Σ
740 1683 859 1746 formae
889 1683 1063 1766 primordia
1092 1703 1154 1746 non
1178 1689 1251 1748 ante
1275 1683 1320 1747 Ol.
1340 1685 1382 1748 80
1406 1705 1512 1748 occur-

290 1806 362 1864 rant
391 1806 421 1862 et
445 1799 575 1882 spiritus
600 1797 703 1881 asperi
727 1796 820 1880 plena
842 1798 944 1862 forma
970 1796 1007 1869 Β
1034 1797 1250 1861 tantummodo
1274 1797 1306 1861 in
1331 1801 1512 1884 antiquissi-

289 1915 349 1978 mis
378 1913 477 1979 titulis
500 1913 687 1976 inveniatur.
735 1910 838 1976 Unum
864 1919 967 1978 autem
993 1913 1109 1977 summi
1132 1918 1179 1977 est
1203 1915 1368 1978 momenti:
1397 1916 1428 1978 in
1454 1915 1513 1979 hoc
1612 1966 1619 1971 .

206 2106 208 2112 Ι
289 2028 380 2092 titulo
416 2028 492 2092 satis
528 2034 649 2093 vetusto
679 2033 706 2092 θ
734 2027 858 2092 litterae
889 2028 957 2108 jam
991 2028 1113 2092 novicia
1141 2028 1243 2092 forma
1272 2025 1304 2092 Θ
1333 2037 1512 2096 constanter

293 2149 445 2226 usurpata
475 2149 530 2207 est.
566 2141 716 2206 Videmus
741 2142 836 2222 igitur
860 2141 913 2205 illo
937 2147 1078 2226 tempore
1101 2144 1302 2208 vetustiorem
1327 2144 1459 2210 formam
1475 2144 1513 2223 Θ

285 2259 351 2340 jam
378 2278 415 2320 ex
440 2276 497 2320 usu
522 2256 683 2339 depulsam
707 2255 820 2338 fuisse,
846 2276 942 2339 quare
966 2277 1072 2321 ornnes
1097 2256 1196 2338 tituli,
1221 2258 1274 2341 qui
1300 2258 1432 2341 banc&
1448 2261 1511 2324 for-

290 2392 372 2435 mam
399 2371 558 2454 praebent,
585 2376 667 2434 certe
691 2390 772 2434 anno
789 2370 836 2434 Ol.
857 2373 907 2452 lb,
928 2373 943 2433 l
967 2372 1139 2436 anteriores
1156 2379 1229 2437 sunt
1244 2373 1387 2438 habendi.
1423 2374 1511 2452 Quod

243 2557 247 2569 ,
290 2486 414 2570 quidem
445 2485 502 2548 hoo
531 2484 597 2549 loco
630 2483 778 2564 sufficiat3
814 2493 924 2579 postea
953 2461 1126 2552 accuratius
1156 2489 1351 2571 ostendetur,
1387 2492 1510 2574 quando

288 2601 353 2665 fere
368 2594 406 2673 Θ
426 2603 527 2665 forma
551 2598 733 2680 exoleverit,
758 2599 812 2663 ubi
835 2600 926 2682 hujus
951 2601 1034 2665 tituli
1057 2608 1142 2666 aetas
1166 2604 1282 2668 certius
1304 2605 1363 2670 erit
1379 2608 1510 2672 circum-

289 2715 417 2800 scripta.
464 2715 588 2778 Etenim
619 2734 680 2776 non
710 2714 810 2777 solum
842 2721 913 2779 ante
938 2715 985 2779 Ol.
1005 2719 1062 2798 75,
1092 2718 1146 2781 sed
1171 2719 1219 2784 vel
1243 2740 1288 2784 ca.
1307 2719 1354 2785 Ol.
1374 2724 1415 2788 70
1440 2742 1510 2788 eum

290 2838 452 2894 exaratum
483 2848 549 2892 esse
578 2829 715 2893 maxime
744 2829 930 2911 intelligitur
960 2851 997 2895 ex
1031 2858 1054 2915 p
1083 2838 1114 2896 et
1143 2859 1161 2898 ν
1190 2833 1364 2899 litterarum
1390 2838 1509 2904 formis.

290 2943 458 3027 Comparet
491 2943 572 3007 eninr
609 2971 633 3028 μ
661 2944 784 3008 litterae
813 2944 914 3008 forma
945 2947 1158 3012 uetustissima
1189 2944 1243 3033 Μ,
1278 2958 1309 3015 θῖ
1339 2979 1358 3019 ν
1389 2974 1531 3038 quoque*

289 3059 422 3121 formam
448 3057 477 3122 Ν
504 3058 651 3123 habuisse
675 3081 713 3124 ex
738 3080 789 3141 ea,
821 3080 898 3142 quae
922 3063 1006 3125 vs?
1032 3070 1184 3146 superest,
1209 3068 1364 3150 particula
1386 3067 1408 3134 Γ
1433 3073 1510 3135 satis

291 3173 398 3238 elucet.
437 3173 508 3238 dam
534 3175 763 3239 concedendum
790 3181 837 3240 est
860 3175 983 3240 illarum
1009 3176 1184 3274 litterarum
1208 3153 1325 3248 formas
1341 3184 1399 3250 hae
1414 3188 1510 3269 omni,

290 3288 328 3352 de
352 3309 412 3370 qua
437 3289 568 3370 agimus,
594 3296 696 3354 aetate
719 3311 808 3354 usum
834 3278 980 3356 habuisse
1004 3292 1080 3356 adeo
1104 3293 1261 3361 infirmum
1286 3306 1380 3382 atque
1403 3302 1510 3367 incon-

291 3409 436 3483 stantem,
462 3410 505 3486 nt,
531 3404 556 3468 si
583 3407 651 3488 quis
676 3406 784 3470 titulus
810 3413 864 3470 aut
887 3407 1078 3489 antiquiores
1104 3415 1158 3474 aut
1180 3413 1369 3484 recentiores
1391 3416 1509 3483 formas

290 3518 444 3600 exhibeat,
470 3519 561 3600 hujus
585 3522 630 3584 rei
654 3541 756 3584 causa
772 3527 856 3586 certa
879 3523 1057 3603 conjectura
1080 3525 1118 3590 de
1141 3526 1207 3608 ejus
1232 3534 1333 3594 aetate
1356 3529 1423 3596 fieri
1448 3553 1509 3598 non
1612 3595 1616 3604 .

291 3633 398 3715 possit.
446 3634 595 3698 Attamen
624 3622 736 3699 barum
765 3625 937 3701 formarum
967 3659 1041 3702 usus
1070 3650 1133 3703 tam
1160 3642 1265 3706 varius
1294 3665 1355 3708 non
1379 3667 1509 3731 prorsus

290 3748 374 3810 omni
407 3747 473 3829 lege
501 3756 605 3830 caret,
636 3770 728 3831 quam
759 3751 797 3814 ob
825 3772 907 3831 rem,
937 3773 975 3818 ne
999 3753 1057 3836 hoc
1079 3754 1203 3820 infirmo
1228 3759 1280 3840 qui
1304 3761 1427 3826 videtur
1450 3784 1508 3827 usu

289 3881 425 3945 unquam
446 3863 690 3944 conturbemur,
722 3865 787 3956 jam
818 3866 875 3930 hoc
904 3867 970 3932 loco
999 3888 1084 3948 earn,
1113 3890 1192 3953 quae
1221 3876 1365 3954 cognosci
1395 3885 1508 3961 potest,

289 3976 441 4039 rationem
458 3977 594 4042 breviter
610 3979 785 4044 describere
802 3987 909 4064 aptum
928 3983 1058 4048 videtur.
1094 3984 1198 4070 Atque
1213 3989 1364 4070 genuinas
1383 3993 1507 4074 quidem
1621 3999 1625 4009 '

288 4115 311 4172 p
335 4095 366 4152 et
389 4114 408 4154 v
432 4089 607 4156 litterarum
635 4094 751 4159 formas
776 4093 818 4156 Μ
842 4104 873 4161 θῖ
896 4099 926 4166 Ν
950 4098 1046 4164 fuisse
1070 4102 1146 4166 satis
1170 4110 1307 4186 constat,
1338 4127 1416 4188 quae
1440 4110 1508 4191 qui-

289 4203 357 4267 dem
392 4205 511 4270 formae
544 4208 577 4270 in
611 4209 823 4275 vetustissimo
858 4233 980 4296 quoque
1007 4217 1098 4280 titulo
1127 4223 1307 4283 constanter
1338 4232 1508 4307 usurpatae

256 4365 259 4370 -
288 4327 369 4383 sunt.
417 4319 538 4386 Deinde
567 4330 639 4406 post
668 4325 803 4389 medium
834 4335 956 4392 sextum
985 4331 1141 4395 saeculum
1168 4333 1364 4417 (caetea)
1388 4338 1516 4404 fornrae'

287 4429 336 4499 ΛΛ
366 4443 397 4498 θῖ
428 4434 471 4506 Ν
500 4436 532 4501 in
563 4459 653 4502 usurn
684 4449 851 4524 venerunt,
887 4449 981 4526 atque
1008 4445 1069 4527 ita,
1099 4454 1133 4512 ut
1160 4449 1250 4513 initio
1279 4453 1404 4534 quidem
1435 4475 1507 4519 raro
1575 4461 1578 4464 ’

287 4553 409 4613 tantum
438 4551 674 4639 adhiberentur,
712 4577 784 4622 mox
814 4565 915 4624 autem
945 4559 977 4625 in
1004 4559 1116 4626 iisdem
1146 4563 1246 4629 titulis
1275 4585 1345 4631 oum
1376 4570 1507 4634 vetustis
