3488 5224
931 360 972 424 16

428 535 535 601 Etiam
560 536 670 601 titulus
693 557 724 600 n.
743 536 818 617 358,
847 535 885 599 ad
909 555 1001 618 quem
1020 535 1088 618 jam
1113 534 1300 616 accedimus,
1324 533 1500 618 complures
1524 533 1563 599 ob

340 671 451 716 causas
475 650 686 716 memorabilis
710 657 766 716 est.
802 650 936 735 Propter
950 648 1002 732 Θ,
1017 645 1064 733 Ν,
1086 647 1111 714 Ε
1134 649 1251 714 formas
1268 649 1405 714 adhunc
1422 649 1562 713 ordinem

340 787 411 832 enm
434 767 643 831 revocandum
669 787 737 832 esse
761 771 908 851 apparet3
933 793 955 830 α
979 772 1010 831 et
1033 784 1053 831 σ
1074 771 1238 849 praeterea
1260 764 1392 828 usitatas
1416 763 1564 860 exhibent

340 877 372 956 Α
405 885 437 945 et
465 874 491 949 5
522 881 650 946 formas.
697 881 782 947 Inter
815 882 892 946 haec
926 887 1031 946 autem
1063 879 1224 963 cujusdam
1254 879 1420 972 vetustatis
1449 879 1564 943 indicia

339 993 441 1058 forma
468 1015 531 1060 una
554 997 744 1080 conspicitur
767 997 857 1062 valde
880 997 963 1061 mira
986 1003 1017 1062 et
1039 994 1215 1076 singularis.
1256 994 1335 1059 Dico
1357 995 1491 1059 formam
1515 973 1564 1076 ll,

341 1128 420 1192 quae
449 1110 483 1174 in
510 1131 585 1177 voce
607 1113 836 1198 Λευκολοφίδω
865 1116 1041 1195 comparet,
1075 1109 1180 1194 ibique
1208 1129 1271 1173 non
1299 1129 1370 1174 cum
1394 1135 1419 1173 ω
1442 1109 1565 1174 litterae

340 1230 506 1307 potestate,
532 1227 586 1292 sed
610 1226 650 1291 ad
673 1251 711 1292 ou
735 1246 844 1291 sonum
869 1227 1096 1308 designandum
1121 1224 1261 1290 adhibita
1284 1229 1340 1288 est.
1378 1223 1426 1289 De
1449 1224 1508 1289 hac
1529 1243 1564 1289 re

341 1337 551 1406 Kirchhofliue
577 1339 687 1423 ,stud
705 1363 732 1405 z.
750 1339 860 1407 Gesch.
879 1341 908 1404 d.
926 1339 1041 1423 griech.
1059 1340 1153 1426 Alph.
1171 1361 1201 1425 p.
1219 1337 1282 1403 71“
1308 1339 1385 1403 satis
1401 1344 1473 1422 apte
1490 1339 1562 1421 egit.

341 1452 454 1520 Elucet
477 1455 557 1521 hanc
579 1456 712 1520 formam
738 1454 879 1521 hocloco
896 1462 1077 1542 usurpatam
1096 1476 1163 1521 esse
1180 1477 1219 1520 ex
1234 1475 1321 1520 more
1335 1452 1563 1535 insulanorum,
1622 1463 1626 1468 “
1720 1463 1721 1538 ,

342 1570 480 1635 maxime
503 1569 666 1636 Pariorum
693 1576 723 1635 et
747 1570 965 1656 Siphniorum,
990 1591 1121 1654 quorum
1144 1571 1177 1635 in
1202 1569 1368 1655 alphabeto
1392 1593 1429 1634 ov
1453 1588 1563 1633 sonum

342 1683 401 1748 hac
430 1680 467 1750 Ω
491 1686 593 1751 forma
617 1687 813 1768 designatum
836 1686 934 1750 fuisse
958 1682 1120 1763 constat¹).
1161 1684 1372 1750 Nihilominus
1397 1683 1562 1747 admodum

343 1803 391 1862 est
414 1800 540 1883 mirum,
565 1802 646 1884 quod
671 1801 743 1868 talis
766 1801 868 1866 forma
880 1801 1037 1865 'immixta
1057 1812 1104 1864 est
1120 1799 1211 1864 titulo
1228 1800 1333 1865 Attico
1349 1805 1413 1863 tam
1431 1807 1563 1879 vetusto,

344 1918 437 1997 atque
467 1921 609 1999 repetere
631 1921 753 1981 tantum
778 1936 971 2005 possumus,
989 1936 1068 1999 quae
1091 1915 1214 1979 monuit
1236 1913 1460 1996 Kirehhollius,
1491 1933 1565 1978 casu

343 2029 443 2110 magis
468 2050 562 2113 quam
586 2030 716 2095 coneilio
741 2031 773 2094 id
797 2030 915 2094 lactum
939 2051 1026 2113 esse,
1056 2037 1087 2095 et
1109 2029 1306 2115 comprobari
1329 2029 1388 2093 hac
1410 2051 1444 2094 re
1467 2029 1565 2094 Athe-

344 2144 468 2209 nienses
486 2146 553 2228 jam
578 2145 771 2230 temporibus
796 2146 1024 2228 antiquioribus
1048 2151 1222 2212 ceterorum
1243 2142 1432 2209 Graecorum
1457 2145 1566 2229 alpha·

345 2259 417 2324 beta
440 2260 516 2325 adeo
541 2261 681 2342 novisse,
705 2268 741 2329 ut
763 2260 895 2342 singulis
918 2262 1026 2325 formis
1058 2261 1183 2325 illorum
1207 2261 1343 2345 propriis
1366 2261 1565 2356 fortuitoputi

345 2375 512 2458 potuerint.
550 2375 642 2455 (Vide
665 2380 828 2461 praeterea
850 2377 883 2439 in
906 2376 997 2440 titulo
1022 2397 1051 2440 n.
1073 2377 1126 2458 93,
1151 2376 1204 2460 qui
1226 2395 1273 2440 ce.
1298 2374 1345 2439 Ol.
1364 2376 1406 2438 90
1430 2376 1566 2464 scriptus

346 2494 408 2573 est,
439 2491 570 2555 formam
601 2487 639 2556 Ω
669 2490 764 2556 semel
795 2491 876 2555 sicut
898 2491 956 2555 hoc
979 2491 1046 2555 loeo
1071 2491 1108 2555 ad
1133 2515 1171 2557 oo
1194 2510 1303 2555 sonum
1329 2491 1565 2573 designandum,

346 2606 443 2671 semel
466 2626 505 2670 ex
529 2606 637 2672 lenum
662 2626 749 2671 more
773 2625 841 2671 oum
868 2633 892 2671 ω
916 2607 1040 2671 litterae
1063 2611 1219 2692 potestate
1243 2605 1438 2671 adhibitaml

396 2774 402 2784 .
435 2719 550 2787 Omnes
585 2720 684 2803 tituli,
723 2741 799 2804 quos
827 2720 886 2786 hoe
916 2723 1025 2787 ordine
1053 2722 1271 2804 mactavimus,
1306 2722 1382 2786 haec
1410 2722 1566 2807 imprimis

346 2838 475 2923 propria
497 2837 634 2919 insignia
656 2857 730 2921 prae
754 2857 787 2901 se
809 2837 929 2901 lerunt:
954 2839 1090 2922 primum
1115 2858 1223 2902 omnes
1246 2837 1286 2902 ad
1310 2842 1337 2901 θ
1359 2836 1496 2901 litteram
1514 2837 1566 2900 de-

348 2951 531 3034 signandam
555 2949 595 3029 Θ
614 2951 716 3015 forma
740 2956 880 3034 utuntur,
904 2953 1016 3017 deinde
1032 2952 1085 3037 My
1109 2958 1142 3017 et
1155 2952 1205 3037 Ny
1228 2951 1405 3018 litterarum
1422 2954 1569 3035 antiquas

348 3072 379 3131 et
402 3066 521 3131 medias
544 3067 662 3131 formas
685 3066 862 3150 promiscue
885 3067 1043 3149 exhibent,
1066 3073 1132 3132 tum
1155 3067 1308 3132 alitterae
1325 3068 1379 3132 alii
1395 3069 1566 3150 antiquam,

237 3203 244 3216 ‘
349 3181 403 3245 alii
426 3181 579 3264 mediam,
609 3180 663 3245 alii
687 3182 934 3246 recentissimam
959 3183 1092 3247 formam
1117 3183 1267 3267 praebere
1290 3182 1407 3264 solent,
1435 3183 1566 3264 denique

250 3343 253 3349 -
349 3316 456 3361 omnes
481 3297 590 3381 scripti
614 3302 687 3361 sunt
710 3297 874 3362 asinistra
889 3299 920 3361 in
937 3298 1109 3380 dexteram,
1134 3318 1234 3381 neque
1250 3297 1343 3362 ullius
1359 3298 1442 3362 tituli
1460 3318 1567 3362 versus

347 3412 586 3498 βουστροφηδόν
610 3411 658 3477 vel
681 3412 895 3477 sinistrorsnm
920 3414 1062 3478 conversi
1086 3418 1167 3477 sunt.
1207 3411 1324 3489 Quodsi
1342 3414 1410 3495 jam
1433 3414 1465 3477 id
1490 3421 1567 3478 tem·

349 3527 434 3611 poris
458 3526 606 3611 spatium,
631 3527 670 3591 ad
694 3528 775 3611 quod
801 3548 907 3592 omnes
930 3528 1085 3593 referendi
1109 3547 1177 3593 esse
1193 3529 1369 3610 videantur,
1394 3528 1568 3592 accuratius

349 3641 603 3706 circumscribere
619 3662 778 3724 conamur,
803 3642 909 3725 aliqua
928 3663 997 3707 oum
1013 3641 1127 3706 fiducia
1143 3643 1203 3708 dici
1219 3649 1323 3728 potest
1339 3643 1419 3708 hane
1433 3648 1567 3707 aetatem

350 3757 499 3820 extremis
522 3756 604 3821 sexti
628 3756 742 3821 saeculi
763 3756 922 3824 decenniis
938 3757 1089 3822 contineri
1106 3741 1161 3840 ite,
1184 3765 1220 3823 ut
1234 3758 1366 3823 forsitan
1383 3758 1569 3842 interposita

351 3871 392 3935 sit
414 3872 496 3935 inter
520 3891 617 3936 annos
642 3870 689 3936 Ol.
707 3873 749 3935 62
773 3878 805 3936 et
828 3870 876 3936 01.
894 3873 945 3938 68.
981 3874 1101 3937 Aenum
1127 3871 1205 3936 illud
1229 3873 1305 3938 adeo
1329 3872 1455 3955 longum
1472 3873 1569 3937 fuisse

350 3985 563 4050 coniciendum
589 3992 646 4068 est,
671 3993 838 4071 propterea
860 3988 942 4070 qnod
957 3993 1046 4052 tanta
1062 3987 1228 4052 multitudo
1244 4008 1362 4070 earum,
1387 4009 1466 4071 quae
1479 3988 1569 4052 nobis

351 4108 552 4168 conservatae
576 4107 659 4183 sunt,
683 4102 923 4186 inscriptionum
947 4123 983 4167 eo
1007 4103 1152 4187 pertinet.

442 4349 460 4412 ¹)
481 4343 521 4398 Cf.
535 4344 680 4398 Kirehhoff
695 4345 712 4397 l.
726 4360 749 4397 c.
763 4363 788 4415 p.
803 4347 838 4398 55
857 4361 932 4416 seqq.
