3488 5224
795 345 837 410 31

202 518 377 583 Brunnium
407 525 440 584 et
463 519 633 585 Schbllium
662 519 805 585 nonnulli
834 521 1052 601 obtinuerunt,
1082 521 1164 585 inter
1193 539 1270 603 quos
1294 521 1432 585 maxime

202 635 331 700 nomino
356 633 627 717 Ouerbeckium¹),
651 631 816 719 Urlichs²l,
842 632 1068 713 Bursianum³).

294 750 443 816 Omnium
468 752 620 815 inunum
646 758 859 834 congruerunt
888 752 1062 816 sententiae
1085 750 1207 815 Endoei
1235 755 1367 816 aetatem
1393 751 1433 815 ad

203 886 301 931 annos
318 866 379 932 Oll.
396 868 530 934 50—60
545 867 594 932 vel
618 867 657 931 ad
675 866 734 932 Oll.
753 868 885 934 etr-65
901 867 1108 932 revocandam
1129 885 1208 948 esse,
1226 865 1311 931 nullo
1328 873 1432 932 autem

204 987 297 1067 pacto
322 1001 393 1047 eum
417 982 507 1047 initio
532 982 634 1066 quinti
658 982 775 1047 saeculi
798 1002 892 1067 posse
920 983 1025 1047 media
1048 988 1150 1049 aetate
1178 982 1292 1065 fuisse,
1317 981 1432 1066 partim

204 1096 285 1181 quod
310 1097 473 1183 inscriptio
497 1097 553 1162 illa
576 1098 674 1164 multo
698 1099 876 1164 remotioris
907 1098 1103 1182 antiquitatis
1132 1097 1268 1182 speciem
1299 1118 1376 1182 prae
1398 1117 1432 1162 se

202 1212 294 1295 ferat,
318 1214 433 1297 partim
459 1213 542 1296 quod
563 1213 714 1278 traditum
731 1214 773 1278 sit
796 1235 814 1278 a
830 1213 988 1286 Pausania
1004 1220 1035 1278 et
1051 1213 1252 1296 Athenagora
1267 1212 1430 1278 Endoeum

204 1328 299 1393 etiam
323 1348 363 1392 ex
386 1327 471 1410 ligno
496 1328 664 1392 simulacra
688 1328 907 1413 exsculpsisse.
954 1329 1104 1394 Attamen
1128 1328 1298 1411 Brunnius,
1323 1349 1431 1413 quam·

82 1505 84 1510 .
203 1463 301 1527 quam
322 1449 370 1509 tot
393 1449 579 1525 argumenta
602 1444 631 1509 ei
655 1444 874 1528 obicebantur,
904 1465 966 1509 non
996 1445 1096 1510 solum
1127 1446 1160 1508 in
1174 1495 1177 1500 .
1191 1445 1347 1510 sententia
1376 1465 1433 1509 sua

194 1561 430 1654 perseveravit,
456 1580 564 1624 verum
589 1561 683 1628 etiam
708 1580 809 1644 nuper
832 1560 933 1625 denuo
966 1581 1033 1625 eam
1063 1561 1202 1626 defendit
1229 1561 1262 1624 in
1292 1560 1433 1646 disputa·

204 1677 288 1740 tione
312 1695 393 1758 quae
415 1675 612 1740 inscribitur:
645 1675 730 1758 ,Die
754 1675 856 1740 Kunst
884 1677 932 1742 bei
957 1675 1074 1741 Homer
1102 1697 1132 1741 ιι.
1157 1675 1206 1740 ihr
1229 1674 1323 1740 Verh.
1348 1697 1374 1739 z.
1401 1674 1431 1739 d.

203 1791 373 1873 Aniangen
390 1791 445 1855 der
461 1791 577 1872 griech.
590 1787 889 1873 Kunstgesohichte“
899 1787 932 1873 ⁴),
957 1791 1010 1856 ubi
1026 1790 1230 1876 comprobare
1245 1791 1360 1873 studet,
1384 1810 1431 1873 ea,

205 1927 285 1989 quae
308 1907 348 1972 de
370 1906 498 1972 Endoeo
523 1906 639 1971 tradita
663 1907 736 1989 sint,
761 1906 800 1970 ad
821 1907 868 1973 01.
887 1909 930 1973 70
954 1913 985 1973 et
1008 1907 1048 1972 ad
1063 1908 1130 1990 ejus
1146 1905 1264 1972 Calliae
1286 1912 1431 1990 aetatem,

204 2023 254 2086 cui
278 2041 450 2104 cognomen
474 2028 542 2086 erat
569 2023 817 2099 λακκόπλουτος,
846 2024 953 2088 eodem
979 2023 1051 2106 jure
1080 2023 1189 2088 referri
1219 2042 1310 2106 posse
1339 2028 1432 2105 atque

205 2137 245 2202 ad
269 2136 317 2202 07.
342 2138 385 2202 55
409 2143 442 2203 et
470 2137 510 2202 ad
539 2137 671 2202 alterum
701 2137 791 2202 illum
821 2137 964 2203 Calliam.
1012 2136 1079 2203 Sibi
1109 2137 1210 2202 solum
1240 2142 1430 2202 momentum

204 2252 307 2328 facere
330 2253 455 2318 titulum
474 2253 561 2318 illum
585 2253 672 2336 cujus
689 2254 898 2318 litteraturam
913 2253 1063 2336 Rangabe
1088 2253 1126 2318 ad
1143 2252 1189 2319 ol.
1208 2254 1251 2318 70
1275 2253 1433 2337 pertinere
1483 2301 1485 2305 -

205 2369 359 2434 statuerit.
407 2368 474 2434 Hac
509 2368 645 2433 Brunnii·
669 2369 846 2433 constantia
874 2369 989 2434 factum
1016 2375 1080 2451 est,
1116 2375 1151 2434 ut
1178 2368 1320 2433 homines
1349 2367 1432 2432 docti

205 2490 260 2549 aut
281 2483 375 2569 plane
398 2485 438 2549 ad
462 2485 528 2568 ejus
553 2485 740 2566 sententiam
773 2485 970 2568 transierint,
1007 2492 1062 2550 aut
1089 2490 1187 2549 totam
1217 2483 1431 2567 quaestionem

205 2600 237 2664 in
268 2621 390 2665 summo
419 2600 513 2665 dubio
549 2621 616 2666 esse
650 2601 872 2666 concesserint.
920 2599 972 2665 Sic
996 2599 1207 2666 Ouerbeckius
1244 2601 1275 2664 in
1304 2595 1431 2678 altera⁵)

205 2714 278 2780 libri
308 2709 356 2780 sui
386 2716 523 2780 editione
545 2717 612 2799 jam
642 2736 703 2780 non
734 2722 770 2781 ot
798 2722 891 2782 antea
918 2716 1081 2781 Endoeum
1112 2716 1152 2782 ad
1180 2714 1227 2780 01.
1253 2717 1296 2781 55
1325 2715 1432 2798 refert,

204 2831 259 2896 sed
284 2838 451 2914 utramque
475 2819 686 2914 conjecturam
709 2831 778 2904 fieri
803 2852 895 2916 posse
919 2832 1004 2915 dicit,
1029 2853 1098 2897 cum
1124 2831 1218 2896 nimis
1234 2832 1355 2896 incerta
1370 2831 1433 2896 sint

205 2966 252 3030 ea,
277 2967 357 3030 quae
381 2947 498 3012 tradita
521 2947 742 3032 acceperimus.

293 3061 366 3127 Jam
390 3063 486 3146 igitur
509 3063 613 3148 ipsum
637 3063 764 3127 titulum
796 3062 885 3129 illurn
910 3064 961 3147 qui
986 3063 1147 3128 Endoeum
1178 3069 1335 3129 auctorem
1360 3083 1432 3146 pro-

205 3177 311 3243 fitetur
340 3180 582 3244 consideremus.
629 3178 796 3263 Reperitur
825 3177 859 3243 C.
885 3177 907 3242 l.
933 3181 971 3242 Α.
996 3199 1026 3242 n.
1051 3179 1114 3242 477
1147 3184 1240 3262 atque
1268 3178 1301 3242 id
1329 3198 1434 3244 exem-

205 3294 306 3377 plum,
327 3295 468 3376 quodibi
487 3300 600 3376 exstat,
623 3294 699 3358 satis
716 3299 860 3358 accurate
876 3294 992 3358 facturn
1011 3313 1079 3358 esse
1094 3293 1278 3359 confirmare
1294 3313 1432 3378 possum,

205 3428 276 3474 cum
301 3408 499 3474 chartaceum
524 3409 607 3473 tituli
632 3415 777 3494 ectypon,
802 3409 884 3492 quod
908 3409 1062 3494 inspicere
1085 3408 1296 3474 Kirchhcllius
1319 3407 1433 3473 libera·

205 3525 277 3590 liter
301 3525 378 3590 mihi
403 3545 449 3590 cor
463 3526 566 3606 cessit,
591 3524 685 3609 plane
708 3543 779 3588 cum
804 3523 857 3588 illo
876 3523 1019 3608 exemplo
1037 3525 1220 3589 consentiat.
1269 3523 1433 3609 Scriptura

205 3639 291 3704 tituli
314 3660 375 3704 non
401 3645 449 3706 est
472 3640 685 3725 bustrophica,
709 3640 762 3705 sed
788 3639 878 3704 utin
902 3638 1011 3704 multis
1035 3639 1281 3723 antiquissimis,
1311 3641 1343 3704 in
1367 3660 1433 3704 om-

205 3754 828 3840 nibusrecentioribusinscriptionibus
857 3754 1054 3820 dextrorsum
1080 3772 1240 3819 conversa.
1288 3753 1434 3836 Singula·

205 3890 275 3934 rum
300 3871 413 3936 deinde
428 3871 605 3937 litterarum
626 3878 655 3938 θ
670 3873 768 3936 utitur
784 3871 955 3935 vetustiore
972 3862 1010 3937 θ
1027 3869 1142 3950 forma3
1167 3890 1240 3951 ergo
1264 3896 1286 3934 α
1309 3870 1432 3935 litterae

205 3985 290 4052 linea
312 3985 440 4071 obliqua
463 3993 520 4071 est,
545 3994 580 4052 ut
602 3989 634 4052 in
659 3988 803 4053 omnibus
828 3985 945 4067 titulis,
970 3985 1023 4068 qui
1048 3981 1086 4055 Θ
1109 3986 1242 4049 formam
1268 3984 1432 4066 exhibent,

298 4192 316 4252 ¹)
336 4187 494 4242 Overbeoh:
514 4188 613 4242 Gesch.
628 4188 677 4242 der
696 4187 799 4256 grieoh.
811 4186 917 4241 Plastik
930 4187 1022 4252 (raet)
1036 4187 1047 4240 l
1055 4189 1063 4222 ¹
1076 4202 1103 4255 p.
1115 4187 1165 4240 111
1180 4191 1246 4257 etp.
1258 4186 1309 4240 184
1322 4189 1378 4240 not.
1388 4186 1432 4240 42.

295 4286 317 4350 ¹)
337 4285 457 4340 Urlichs:
476 4285 580 4354 Scopas
599 4285 692 4339 Lebcn
712 4301 737 4338 ιι.
751 4281 854 4340 Werhe
874 4301 900 4353 p.
914 4284 975 4338 246.

294 4386 317 4450 ⁸)
336 4385 466 4438 Bursian:
486 4383 660 4453 Realencycl.
671 4399 698 4436 v.
712 4381 798 4436 Erech
816 4397 844 4435 ιι.
858 4381 973 4436 Gruber.
999 4380 1071 4436 Sect.
1085 4382 1105 4450 1,
1124 4386 1191 4435 tom.
1204 4381 1248 4448 82,
1266 4395 1294 4448 p.
1304 4380 1365 4434 404.
1392 4407 1395 4412 ·

295 4483 317 4547 ⁴)
336 4500 363 4537 v.
375 4482 449 4537 Actt.
460 4481 537 4536 acad.
547 4482 656 4550 Bavar,
670 4481 702 4536 cl.
712 4479 804 4549 philol.
815 4477 912 4549 philos.
924 4480 1001 4547 1868,
1016 4484 1081 4532 tom.
1092 4478 1141 4546 Xl,
1154 4493 1218 4546 pars
1230 4477 1278 4546 lll,
1291 4494 1318 4546 p.
1328 4478 1363 4531 44
1372 4492 1432 4546 sqq.

295 4582 317 4647 ⁵)
337 4583 357 4650 l,
376 4597 403 4649 p.
418 4583 470 4635 114
487 4584 516 4634 ct
533 4595 559 4648 p.
574 4581 626 4634 205
644 4585 700 4634 not.
714 4579 757 4632 57.
