<?xml version="1.0" encoding="UTF-8"?>
<!DOCTYPE html PUBLIC "-//W3C//DTD XHTML 1.0 Transitional//EN"
    "http://www.w3.org/TR/xhtml1/DTD/xhtml1-transitional.dtd">
<html xmlns="http://www.w3.org/1999/xhtml" xml:lang="en" lang="en">
 <head>
  <title>
</title>
<meta http-equiv="Content-Type" content="text/html;charset=utf-8" />
  <meta name='ocr-system' content='tesseract 3.04.00' />
  <meta name='ocr-capabilities' content='ocr_page ocr_carea ocr_par ocr_line ocrx_word'/>
</head>
<body>
  <div class='ocr_page' id='page_1' title='image "./historiaalphabe00schgoog_0014.png"; bbox 0 0 3488 5224; ppageno 0'>
   <div class='ocr_carea' id='block_1_1' title="bbox 885 363 905 428">
    <p class='ocr_par' dir='ltr' id='par_1_1' title="bbox 885 363 905 428">
     <span class='ocr_line' id='line_1_1' title="bbox 885 363 905 428; baseline 0 0"><span class='ocrx_word' id='word_1_1' title='bbox 885 363 905 428; x_wconf 88' lang='grc'><strong>6</strong></span> 
     </span>
    </p>
   </div>
   <div class='ocr_carea' id='block_1_2' title="bbox 284 536 1510 2228">
    <p class='ocr_par' dir='ltr' id='par_1_2' title="bbox 284 536 1510 2228">
     <span class='ocr_line' id='line_1_2' title="bbox 284 536 1508 623; baseline -0.003 -19"><span class='ocrx_word' id='word_1_2' title='bbox 284 540 358 604; x_wconf 90' lang='lat' dir='ltr'>illae</span> <span class='ocrx_word' id='word_1_3' title='bbox 381 539 504 604; x_wconf 89' lang='lat' dir='ltr'>Endoei</span> <span class='ocrx_word' id='word_1_4' title='bbox 530 543 561 602; x_wconf 91' lang='lat' dir='ltr'>et</span> <span class='ocrx_word' id='word_1_5' title='bbox 584 537 749 618; x_wconf 75' lang='lat' dir='ltr'>hristoelis</span> <span class='ocrx_word' id='word_1_6' title='bbox 772 538 993 623; x_wconf 80' lang='lat' dir='ltr'>inscriptiones</span> <span class='ocrx_word' id='word_1_7' title='bbox 1016 558 1056 603; x_wconf 90' lang='lat' dir='ltr'>ne</span> <span class='ocrx_word' id='word_1_8' title='bbox 1081 538 1254 603; x_wconf 84' lang='lat' dir='ltr'>aBrunnio</span> <span class='ocrx_word' id='word_1_9' title='bbox 1279 536 1403 621; x_wconf 88' lang='lat' dir='ltr'>quidem</span> <span class='ocrx_word' id='word_1_10' title='bbox 1423 537 1508 619; x_wconf 89' lang='lat' dir='ltr'>judi-</span> 
     </span>
     <span class='ocr_line' id='line_1_3' title="bbox 287 646 1508 738; baseline -0.003 -19"><span class='ocrx_word' id='word_1_11' title='bbox 287 661 407 720; x_wconf 80' lang='lat' dir='ltr'><strong>cantur.</strong></span> <span class='ocrx_word' id='word_1_12' title='bbox 443 654 504 718; x_wconf 85' lang='lat' dir='ltr'>Sed</span> <span class='ocrx_word' id='word_1_13' title='bbox 528 655 673 737; x_wconf 91' lang='lat' dir='ltr'>quoniam</span> <span class='ocrx_word' id='word_1_14' title='bbox 698 652 830 728; x_wconf 81' lang='lat' dir='ltr'>historia</span> <span class='ocrx_word' id='word_1_15' title='bbox 854 646 1012 736; x_wconf 80' lang='lat' dir='ltr'>alphabeti</span> <span class='ocrx_word' id='word_1_16' title='bbox 1027 652 1126 717; x_wconf 89' lang='lat' dir='ltr'>Attici</span> <span class='ocrx_word' id='word_1_17' title='bbox 1151 654 1245 717; x_wconf 88' lang='lat' dir='ltr'>etiam</span> <span class='ocrx_word' id='word_1_18' title='bbox 1269 673 1326 738; x_wconf 90' lang='lat' dir='ltr'>per</span> <span class='ocrx_word' id='word_1_19' title='bbox 1348 673 1382 718; x_wconf 87' lang='lat' dir='ltr'>se</span> <span class='ocrx_word' id='word_1_20' title='bbox 1405 652 1508 736; x_wconf 81' lang='lat' dir='ltr'>ipsam</span> 
     </span>
     <span class='ocr_line' id='line_1_4' title="bbox 287 765 1508 850; baseline -0.002 -16"><span class='ocrx_word' id='word_1_21' title='bbox 287 770 402 834; x_wconf 91' lang='lat' dir='ltr'>summi</span> <span class='ocrx_word' id='word_1_22' title='bbox 426 775 473 833; x_wconf 86' lang='lat' dir='ltr'>est</span> <span class='ocrx_word' id='word_1_23' title='bbox 497 769 646 833; x_wconf 79' lang='lat' dir='ltr'>momenti</span> <span class='ocrx_word' id='word_1_24' title='bbox 669 787 705 832; x_wconf 87' lang='lat' dir='ltr'>ac</span> <span class='ocrx_word' id='word_1_25' title='bbox 728 768 922 849; x_wconf 81' lang='lat' dir='ltr'>dignissima,</span> <span class='ocrx_word' id='word_1_26' title='bbox 947 787 1026 850; x_wconf 83' lang='lat' dir='ltr'>quae</span> <span class='ocrx_word' id='word_1_27' title='bbox 1050 765 1253 850; x_wconf 86' lang='lat' dir='ltr'>describatur,</span> <span class='ocrx_word' id='word_1_28' title='bbox 1279 767 1338 850; x_wconf 44' lang='lat' dir='ltr'>ego*</span> <span class='ocrx_word' id='word_1_29' title='bbox 1357 768 1417 842; x_wconf 87' lang='lat' dir='ltr'>¹lroo</span> <span class='ocrx_word' id='word_1_30' title='bbox 1436 787 1508 832; x_wconf 88' lang='lat' dir='ltr'>eon-</span> 
     </span>
     <span class='ocr_line' id='line_1_5' title="bbox 284 882 1509 968; baseline -0.002 -19"><span class='ocrx_word' id='word_1_31' title='bbox 284 884 388 949; x_wconf 86' lang='lat' dir='ltr'>silium</span> <span class='ocrx_word' id='word_1_32' title='bbox 419 884 502 968; x_wconf 83' lang='lat' dir='ltr'>cepi,</span> <span class='ocrx_word' id='word_1_33' title='bbox 532 884 625 948; x_wconf 87' lang='lat' dir='ltr'>etiam</span> <span class='ocrx_word' id='word_1_34' title='bbox 660 882 743 947; x_wconf 88' lang='lat' dir='ltr'>ultra</span> <span class='ocrx_word' id='word_1_35' title='bbox 772 882 923 947; x_wconf 92' lang='lat' dir='ltr'>bellorum</span> <span class='ocrx_word' id='word_1_36' title='bbox 947 882 1144 948; x_wconf 81' lang='lat' dir='ltr'>Persicorum</span> <span class='ocrx_word' id='word_1_37' title='bbox 1174 890 1317 967; x_wconf 89' lang='lat' dir='ltr'>tempora</span> <span class='ocrx_word' id='word_1_38' title='bbox 1344 903 1412 948; x_wconf 87' lang='lat' dir='ltr'>eam</span> <span class='ocrx_word' id='word_1_39' title='bbox 1437 903 1509 967; x_wconf 86' lang='lat' dir='ltr'>per·</span> 
     </span>
     <span class='ocr_line' id='line_1_6' title="bbox 287 997 1508 1082; baseline -0.002 -19"><span class='ocrx_word' id='word_1_40' title='bbox 287 999 411 1080; x_wconf 82' lang='lat' dir='ltr'>ducere,</span> <span class='ocrx_word' id='word_1_41' title='bbox 435 1005 471 1062; x_wconf 88' lang='lat' dir='ltr'>ut</span> <span class='ocrx_word' id='word_1_42' title='bbox 493 999 668 1063; x_wconf 87' lang='lat' dir='ltr'>clarissime</span> <span class='ocrx_word' id='word_1_43' title='bbox 692 1002 906 1080; x_wconf 82' lang='lat' dir='ltr'>cognoscatur,</span> <span class='ocrx_word' id='word_1_44' title='bbox 931 998 1085 1081; x_wconf 90' lang='lat' dir='ltr'>quomodo</span> <span class='ocrx_word' id='word_1_45' title='bbox 1102 1003 1133 1062; x_wconf 88' lang='lat' dir='ltr'>et</span> <span class='ocrx_word' id='word_1_46' title='bbox 1149 997 1260 1081; x_wconf 89' lang='lat' dir='ltr'>quibus</span> <span class='ocrx_word' id='word_1_47' title='bbox 1277 998 1508 1082; x_wconf 84' lang='lat' dir='ltr'>serc&#39;temporis</span> 
     </span>
     <span class='ocr_line' id='line_1_7' title="bbox 288 1112 1508 1198; baseline -0.001 -21"><span class='ocrx_word' id='word_1_48' title='bbox 288 1115 412 1197; x_wconf 88' lang='lat' dir='ltr'>punctis</span> <span class='ocrx_word' id='word_1_49' title='bbox 437 1113 595 1198; x_wconf 79' lang='lat' dir='ltr'>alphabeti</span> <span class='ocrx_word' id='word_1_50' title='bbox 611 1112 707 1176; x_wconf 84' lang='lat' dir='ltr'>Attici</span> <span class='ocrx_word' id='word_1_51' title='bbox 731 1112 850 1177; x_wconf 85' lang='lat' dir='ltr'>formae</span> <span class='ocrx_word' id='word_1_52' title='bbox 874 1118 1012 1177; x_wconf 87' lang='lat' dir='ltr'>mutatae</span> <span class='ocrx_word' id='word_1_53' title='bbox 1037 1113 1109 1194; x_wconf 77' lang='lat' dir='ltr'>sint,</span> <span class='ocrx_word' id='word_1_54' title='bbox 1135 1117 1228 1195; x_wconf 87' lang='lat' dir='ltr'>atque</span> <span class='ocrx_word' id='word_1_55' title='bbox 1243 1118 1278 1177; x_wconf 87' lang='lat' dir='ltr'>ut</span> <span class='ocrx_word' id='word_1_56' title='bbox 1295 1113 1508 1196; x_wconf 88' lang='lat' dir='ltr'>unusquisque</span> 
     </span>
     <span class='ocr_line' id='line_1_8' title="bbox 287 1227 1507 1311; baseline -0.002 -19"><span class='ocrx_word' id='word_1_57' title='bbox 287 1229 396 1293; x_wconf 92' lang='lat' dir='ltr'>titulus</span> <span class='ocrx_word' id='word_1_58' title='bbox 421 1228 545 1292; x_wconf 87' lang='lat' dir='ltr'>Atticus</span> <span class='ocrx_word' id='word_1_59' title='bbox 570 1227 609 1292; x_wconf 89' lang='lat' dir='ltr'>ad</span> <span class='ocrx_word' id='word_1_60' title='bbox 633 1232 767 1291; x_wconf 84' lang='lat' dir='ltr'>aetatem</span> <span class='ocrx_word' id='word_1_61' title='bbox 793 1247 885 1309; x_wconf 86' lang='lat' dir='ltr'>quam</span> <span class='ocrx_word' id='word_1_62' title='bbox 911 1229 1119 1292; x_wconf 84' lang='lat' dir='ltr'>certissimam</span> <span class='ocrx_word' id='word_1_63' title='bbox 1143 1227 1245 1311; x_wconf 88' lang='lat' dir='ltr'>possit</span> <span class='ocrx_word' id='word_1_64' title='bbox 1266 1229 1416 1292; x_wconf 86' lang='lat' dir='ltr'>revocari.</span> <span class='ocrx_word' id='word_1_65' title='bbox 1457 1227 1507 1291; x_wconf 86' lang='lat' dir='ltr'>Ex</span> 
     </span>
     <span class='ocr_line' id='line_1_9' title="bbox 287 1321 1508 1426; baseline 0.001 -20"><span class='ocrx_word' id='word_1_66' title='bbox 287 1343 344 1407; x_wconf 90' lang='lat' dir='ltr'>hoo</span> <span class='ocrx_word' id='word_1_67' title='bbox 374 1342 456 1426; x_wconf 89' lang='lat' dir='ltr'>quod</span> <span class='ocrx_word' id='word_1_68' title='bbox 487 1342 643 1416; x_wconf 85' lang='lat' dir='ltr'>declaravi</span> <span class='ocrx_word' id='word_1_69' title='bbox 672 1342 832 1426; x_wconf 87' lang='lat' dir='ltr'>proposito</span> <span class='ocrx_word' id='word_1_70' title='bbox 861 1342 962 1406; x_wconf 92' lang='lat' dir='ltr'>omnis</span> <span class='ocrx_word' id='word_1_71' title='bbox 993 1321 1128 1407; x_wconf 86' lang='lat' dir='ltr'>materia</span> <span class='ocrx_word' id='word_1_72' title='bbox 1149 1363 1167 1406; x_wconf 92' lang='lat' dir='ltr'>a</span> <span class='ocrx_word' id='word_1_73' title='bbox 1191 1363 1241 1406; x_wconf 89' lang='lat' dir='ltr'>me</span> <span class='ocrx_word' id='word_1_74' title='bbox 1263 1343 1428 1422; x_wconf 65' lang='lat' dir='ltr'>tractanda</span> <span class='ocrx_word' id='word_1_75' title='bbox 1452 1362 1508 1407; x_wconf 83' lang='lat' dir='ltr'>sua</span> 
     </span>
     <span class='ocr_line' id='line_1_10' title="bbox 288 1438 1507 1545; baseline 0.001 -24"><span class='ocrx_word' id='word_1_76' title='bbox 288 1463 399 1541; x_wconf 90' lang='lat' dir='ltr'>sponte</span> <span class='ocrx_word' id='word_1_77' title='bbox 424 1457 574 1521; x_wconf 84' lang='lat' dir='ltr'>dividitur</span> <span class='ocrx_word' id='word_1_78' title='bbox 597 1457 628 1520; x_wconf 95' lang='lat' dir='ltr'>in</span> <span class='ocrx_word' id='word_1_79' title='bbox 653 1461 759 1545; x_wconf 85' lang='lat' dir='ltr'>partes</span> <span class='ocrx_word' id='word_1_80' title='bbox 783 1438 866 1520; x_wconf 62' lang='lat' dir='ltr'>tres:=</span> <span class='ocrx_word' id='word_1_81' title='bbox 889 1457 1024 1540; x_wconf 89' lang='lat' dir='ltr'>primum</span> <span class='ocrx_word' id='word_1_82' title='bbox 1042 1457 1196 1538; x_wconf 82' lang='lat' dir='ltr'>agendum</span> <span class='ocrx_word' id='word_1_83' title='bbox 1212 1458 1272 1522; x_wconf 87' lang='lat' dir='ltr'>erit</span> <span class='ocrx_word' id='word_1_84' title='bbox 1288 1457 1325 1522; x_wconf 87' lang='lat' dir='ltr'>de</span> <span class='ocrx_word' id='word_1_85' title='bbox 1342 1459 1381 1522; x_wconf 91' lang='lat' dir='ltr'>iis</span> <span class='ocrx_word' id='word_1_86' title='bbox 1397 1457 1507 1539; x_wconf 86' lang='lat' dir='ltr'>titulis,</span> 
     </span>
     <span class='ocr_line' id='line_1_11' title="bbox 288 1570 1507 1654; baseline 0.002 -19"><span class='ocrx_word' id='word_1_87' title='bbox 288 1571 340 1654; x_wconf 91' lang='lat' dir='ltr'>qui</span> <span class='ocrx_word' id='word_1_88' title='bbox 371 1577 443 1636; x_wconf 87' lang='lat' dir='ltr'>ante</span> <span class='ocrx_word' id='word_1_89' title='bbox 471 1591 588 1635; x_wconf 88' lang='lat' dir='ltr'>annum</span> <span class='ocrx_word' id='word_1_90' title='bbox 612 1570 665 1635; x_wconf 84' lang='lat' dir='ltr'>ol.</span> <span class='ocrx_word' id='word_1_91' title='bbox 692 1571 748 1653; x_wconf 76' lang='lat'>75,</span> <span class='ocrx_word' id='word_1_92' title='bbox 776 1574 790 1633; x_wconf 86' lang='lat'>1</span> <span class='ocrx_word' id='word_1_93' title='bbox 817 1571 938 1636; x_wconf 86' lang='lat' dir='ltr'>exarati</span> <span class='ocrx_word' id='word_1_94' title='bbox 962 1578 1049 1653; x_wconf 85' lang='lat' dir='ltr'>sunt,</span> <span class='ocrx_word' id='word_1_95' title='bbox 1078 1572 1205 1654; x_wconf 84' lang='lat' dir='ltr'>deinde,</span> <span class='ocrx_word' id='word_1_96' title='bbox 1235 1591 1304 1636; x_wconf 92' lang='lat' dir='ltr'>cum</span> <span class='ocrx_word' id='word_1_97' title='bbox 1329 1572 1445 1637; x_wconf 84' lang='lat' dir='ltr'>multas</span> <span class='ocrx_word' id='word_1_98' title='bbox 1469 1573 1507 1639; x_wconf 93' lang='lat' dir='ltr'>ob</span> 
     </span>
     <span class='ocr_line' id='line_1_12' title="bbox 287 1684 1509 1769; baseline 0.002 -19"><span class='ocrx_word' id='word_1_99' title='bbox 287 1705 396 1750; x_wconf 85' lang='lat' dir='ltr'>causas</span> <span class='ocrx_word' id='word_1_100' title='bbox 421 1690 528 1769; x_wconf 88' lang='lat' dir='ltr'>aptum</span> <span class='ocrx_word' id='word_1_101' title='bbox 555 1684 712 1767; x_wconf 83' lang='lat' dir='ltr'>videatur,</span> <span class='ocrx_word' id='word_1_102' title='bbox 740 1705 779 1749; x_wconf 85' lang='lat' dir='ltr'>ex</span> <span class='ocrx_word' id='word_1_103' title='bbox 802 1685 860 1749; x_wconf 92' lang='lat' dir='ltr'>hoc</span> <span class='ocrx_word' id='word_1_104' title='bbox 882 1705 1013 1749; x_wconf 89' lang='lat' dir='ltr'>numero</span> <span class='ocrx_word' id='word_1_105' title='bbox 1037 1686 1144 1751; x_wconf 89' lang='lat' dir='ltr'>titulos</span> <span class='ocrx_word' id='word_1_106' title='bbox 1167 1686 1239 1751; x_wconf 92' lang='lat' dir='ltr'>illos</span> <span class='ocrx_word' id='word_1_107' title='bbox 1263 1688 1302 1753; x_wconf 88' lang='lat' dir='ltr'>ab</span> <span class='ocrx_word' id='word_1_108' title='bbox 1325 1687 1453 1753; x_wconf 87' lang='lat' dir='ltr'>Endoeo</span> <span class='ocrx_word' id='word_1_109' title='bbox 1478 1693 1509 1752; x_wconf 88' lang='lat' dir='ltr'>et</span> 
     </span>
     <span class='ocr_line' id='line_1_13' title="bbox 286 1797 1508 1887; baseline 0.002 -23"><span class='ocrx_word' id='word_1_110' title='bbox 286 1799 443 1864; x_wconf 87' lang='lat' dir='ltr'>Aristocle</span> <span class='ocrx_word' id='word_1_111' title='bbox 458 1800 572 1865; x_wconf 87' lang='lat' dir='ltr'>incisos</span> <span class='ocrx_word' id='word_1_112' title='bbox 582 1797 602 1881; x_wconf 83' lang='lat'>¹)</span> <span class='ocrx_word' id='word_1_113' title='bbox 620 1819 791 1880; x_wconf 82' lang='lat' dir='ltr'>secernere,</span> <span class='ocrx_word' id='word_1_114' title='bbox 809 1800 907 1884; x_wconf 72' lang='lat' dir='ltr'>altepa</span> <span class='ocrx_word' id='word_1_115' title='bbox 924 1805 1013 1884; x_wconf 87' lang='lat' dir='ltr'>parte</span> <span class='ocrx_word' id='word_1_116' title='bbox 1028 1801 1060 1864; x_wconf 92' lang='lat' dir='ltr'>hi</span> <span class='ocrx_word' id='word_1_117' title='bbox 1073 1801 1156 1866; x_wconf 90' lang='lat' dir='ltr'>tituli</span> <span class='ocrx_word' id='word_1_118' title='bbox 1169 1804 1338 1887; x_wconf 85' lang='lat' dir='ltr'>separatim</span> <span class='ocrx_word' id='word_1_119' title='bbox 1352 1803 1508 1868; x_wconf 86' lang='lat' dir='ltr'>tractandi</span> 
     </span>
     <span class='ocr_line' id='line_1_14' title="bbox 287 1915 1510 2002; baseline 0.003 -24"><span class='ocrx_word' id='word_1_120' title='bbox 287 1921 393 1994; x_wconf 82' lang='lat' dir='ltr'>erunt3</span> <span class='ocrx_word' id='word_1_121' title='bbox 422 1915 516 1979; x_wconf 90' lang='lat' dir='ltr'>tertia</span> <span class='ocrx_word' id='word_1_122' title='bbox 544 1915 678 1996; x_wconf 87' lang='lat' dir='ltr'>denique</span> <span class='ocrx_word' id='word_1_123' title='bbox 712 1935 784 1998; x_wconf 86' lang='lat' dir='ltr'>pars</span> <span class='ocrx_word' id='word_1_124' title='bbox 814 1915 991 1979; x_wconf 88' lang='lat' dir='ltr'>continetur</span> <span class='ocrx_word' id='word_1_125' title='bbox 1014 1916 1053 1980; x_wconf 94' lang='lat' dir='ltr'>iis</span> <span class='ocrx_word' id='word_1_126' title='bbox 1078 1916 1195 2000; x_wconf 83' lang='lat' dir='ltr'>titulis,</span> <span class='ocrx_word' id='word_1_127' title='bbox 1226 1919 1279 2000; x_wconf 91' lang='lat' dir='ltr'>qui</span> <span class='ocrx_word' id='word_1_128' title='bbox 1302 1918 1412 2002; x_wconf 88' lang='lat' dir='ltr'>scripti</span> <span class='ocrx_word' id='word_1_129' title='bbox 1436 1923 1510 1982; x_wconf 90' lang='lat' dir='ltr'>sunt</span> 
     </span>
     <span class='ocr_line' id='line_1_15' title="bbox 287 2027 1508 2113; baseline 0.006 -21"><span class='ocrx_word' id='word_1_130' title='bbox 287 2030 369 2093; x_wconf 88' lang='lat' dir='ltr'>inter</span> <span class='ocrx_word' id='word_1_131' title='bbox 398 2048 495 2092; x_wconf 89' lang='lat' dir='ltr'>annos</span> <span class='ocrx_word' id='word_1_132' title='bbox 521 2028 566 2093; x_wconf 91' lang='lat' dir='ltr'>Ol.</span> <span class='ocrx_word' id='word_1_133' title='bbox 586 2029 643 2110; x_wconf 79' lang='lat'>75,</span> <span class='ocrx_word' id='word_1_134' title='bbox 677 2034 691 2093; x_wconf 92' lang='lat'>1</span> <span class='ocrx_word' id='word_1_135' title='bbox 725 2033 755 2093; x_wconf 89' lang='lat' dir='ltr'>et</span> <span class='ocrx_word' id='word_1_136' title='bbox 778 2027 826 2093; x_wconf 90' lang='lat' dir='ltr'>Ol.</span> <span class='ocrx_word' id='word_1_137' title='bbox 843 2029 903 2111; x_wconf 77' lang='lat'>94,</span> <span class='ocrx_word' id='word_1_138' title='bbox 935 2033 970 2112; x_wconf 78' lang='lat'>2,</span> <span class='ocrx_word' id='word_1_139' title='bbox 1001 2051 1061 2113; x_wconf 86' lang='lat' dir='ltr'>quo</span> <span class='ocrx_word' id='word_1_140' title='bbox 1092 2052 1172 2095; x_wconf 89' lang='lat' dir='ltr'>anno</span> <span class='ocrx_word' id='word_1_141' title='bbox 1202 2033 1349 2098; x_wconf 88' lang='lat' dir='ltr'>archonte</span> <span class='ocrx_word' id='word_1_142' title='bbox 1377 2033 1508 2099; x_wconf 86' lang='lat' dir='ltr'>Euclide</span> 
     </span>
     <span class='ocr_line' id='line_1_16' title="bbox 287 2143 1234 2228; baseline 0.005 -22"><span class='ocrx_word' id='word_1_143' title='bbox 287 2143 495 2207; x_wconf 87' lang='lat' dir='ltr'>Athenienses</span> <span class='ocrx_word' id='word_1_144' title='bbox 520 2145 658 2226; x_wconf 91' lang='lat' dir='ltr'>ipsorum</span> <span class='ocrx_word' id='word_1_145' title='bbox 685 2144 851 2228; x_wconf 86' lang='lat' dir='ltr'>alphabeto</span> <span class='ocrx_word' id='word_1_146' title='bbox 875 2145 957 2211; x_wconf 90' lang='lat' dir='ltr'>ultro</span> <span class='ocrx_word' id='word_1_147' title='bbox 981 2166 1015 2212; x_wconf 90' lang='lat' dir='ltr'>se</span> <span class='ocrx_word' id='word_1_148' title='bbox 1039 2145 1234 2211; x_wconf 84' lang='lat' dir='ltr'>abdicarunt.</span> 
     </span>
    </p>
   </div>
   <div class='ocr_carea' id='block_1_3' title="bbox 378 2384 891 2465">
    <p class='ocr_par' dir='ltr' id='par_1_3' title="bbox 378 2384 891 2465">
     <span class='ocr_line' id='line_1_17' title="bbox 378 2384 891 2465; baseline 0.01 -28"><span class='ocrx_word' id='word_1_149' title='bbox 378 2387 397 2450; x_wconf 85' lang='lat'>¹)</span> <span class='ocrx_word' id='word_1_150' title='bbox 416 2402 442 2438; x_wconf 87' lang='lat' dir='ltr'>v.</span> <span class='ocrx_word' id='word_1_151' title='bbox 457 2384 486 2438; x_wconf 78' lang='lat' dir='ltr'>(l.</span> <span class='ocrx_word' id='word_1_152' title='bbox 501 2386 522 2438; x_wconf 91' lang='lat' dir='ltr'>l.</span> <span class='ocrx_word' id='word_1_153' title='bbox 535 2385 569 2439; x_wconf 85' lang='lat' dir='ltr'>A.</span> <span class='ocrx_word' id='word_1_154' title='bbox 583 2401 656 2439; x_wconf 89' lang='lat' dir='ltr'>num.</span> <span class='ocrx_word' id='word_1_155' title='bbox 670 2386 731 2453; x_wconf 71' lang='lat'>477,</span> <span class='ocrx_word' id='word_1_156' title='bbox 746 2387 810 2465; x_wconf 77' lang='grc' dir='ltr'>Ι344,</span> <span class='ocrx_word' id='word_1_157' title='bbox 829 2387 891 2442; x_wconf 87' lang='grc'><strong>464.</strong></span> 
     </span>
    </p>
   </div>
   <div class='ocr_carea' id='block_1_4' title="bbox 0 0 1748 5224">
    <p class='ocr_par' dir='ltr' id='par_1_4' title="bbox 0 0 1748 5224">
     <span class='ocr_line' id='line_1_18' title="bbox 0 0 1748 5224; baseline 0 0"><span class='ocrx_word' id='word_1_158' title='bbox 0 0 1748 5224; x_wconf 95' lang='lat' dir='ltr'> </span> 
     </span>
    </p>
   </div>
  </div>
 </body>
</html>
